2962 4964
197 232 264 305 12⁰

175 414 261 504 Ιγὴς.
282 410 323 513 σύ
340 413 400 484 εῖὸ
423 409 466 486 ’τά
485 410 601 505 ἀέρατα
620 410 848 502 ἀημιουργὴσας.
868 411 925 481 σού
942 409 1005 482 ἀτῖ
1023 415 1188 505 προσώπου
1211 428 1332 521 spedus„

197 530 287 600 ποῒσα
316 535 333 607 ἡ
360 530 410 618 γὴ.
441 525 493 598 καῖ
517 532 578 602 τοῖς
601 534 688 617 ἡμεῖς
712 523 967 619 ἐξενοῖοχὴσαμεν
992 529 1043 607 τὴν
1069 531 1124 608 σὴν
1155 538 1328 616 βασιλεία,

197 641 250 714 καῖ
268 639 436 732 κυριάτητας
460 643 513 710 44.
529 642 594 713 τάτε
614 639 838 730 ἀποκριθὴσεται
858 639 951 711 πάλιν
972 648 984 712 ἡ
1007 646 1166 725 βασιλεύς
1185 657 1246 726 τῶν
1257 663 1311 738 βα

198 754 377 841 σιλευέντιον,
397 758 493 847 λέγων
512 755 581 848 πρῖς
600 754 708 831 αὐτούς
723 759 791 848 “ε’φ’
810 757 877 826 ’ὅσον
898 754 1054 834 ε’ποιὴσατε
1074 762 1113 832 ἓνῖ
1135 767 1297 837 τούταντάπ

174 873 343 963 ὅάδελφῶν
359 903 420 962 μου
435 874 492 942 τῶν
509 872 688 960 ἐλαχίστων,
704 869 769 962 ἕμοῖ
785 868 963 948 έποιὴσατε.”
982 874 1029 964 ἐφ’
1043 875 1113 945 ἴσον
1124 876 1296 967 οθςτριάπον

197 993 270 1077 ὑμῖν
295 987 541 1080 ἐξενοδοχὴσατε,
570 987 723 1057 ἐνεδύσατο
754 984 806 1059 καῖ
837 986 982 1077 ἐθρέψατε
1014 987 1068 1060 καῖ
1101 995 1110 1021 ’
1199 1016 1231 1056 τε
1253 982 1299 1057 ποῖ

196 1102 278 1194 μέλη
292 1133 365 1193 μου,
382 1103 450 1177 τούς
464 1101 615 1189 πτωχούς,
635 1100 700 1190 ε’μοῖ
715 1099 879 1179 έποιὴσατε.
900 1100 991 1173 ἀλλά
1011 1104 1095 1176 ῖεῦτε
1110 1101 1201 1181 τῖςϊὴῐ
1219 1106 1302 1180 ἡτοι-

197 1218 355 1310 μασμένην
373 1223 444 1306 ὑμῖν
462 1216 622 1298 βασιλείαν
636 1217 697 1285 ἀπά
712 1217 896 1297 καταβολὴς·
908 1217 1036 1307 κέσμου.
1053 1216 1248 1290 ἀπιλαύσατε
1269 1217 1308 1290 εἷς

199 1335 292 1402 αιίῖινα
310 1333 408 1408 αιίῖνος
423 1331 509 1420 παρά
523 1333 576 1400 τοῦ
590 1329 698 1419 πατράς
711 1361 773 1421 μου
790 1332 842 1400 τοῦ
859 1332 1024 1418 ἕνούρανοῖς
1034 1331 1085 1404 καῖ
1095 1336 1145 1403 τού
1155 1330 1308 1420 παναγέου

163 1462 189 1509 ¹⁰
199 1444 251 1517 καῖ
270 1450 413 1537 ζωοποιοῢ
432 1443 609 1535 πνεύματος.
631 1453 710 1514 ποῖον
730 1442 790 1535 ἀρα
811 1444 912 1535 ττέμα
929 1444 1129 1537 ε’κῖιηγὴσετοιι
1145 1447 1186 1516 τοι)
1201 1441 1313 1535 ἀγαθά

199 1563 295 1631 ε’κεῖνα
311 1557 352 1633 ’ὀῖ
372 1559 536 1654 ἀφθαλμῖς
555 1567 608 1630 οὐκ
627 1562 699 1629 οἶδεν
719 1555 784 1629 ούτε
804 1558 852 1634 οὖς
871 1564 925 1629 οὐκ
946 1557 1063 1638 ἡκουσεν
1083 1556 1151 1628 ούτε
1169 1557 1217 1629 ε’πῖ
1236 1590 1314 1650 καρ-

195 1676 265 1745 ’δίαν
285 1672 434 1765 ἀνθρώπου
457 1679 510 1745 οὐκ
535 1677 639 1757 ἀνέβη,
661 1670 681 1745 οῖ
701 1680 860 1763 ἡτοίμασεν
886 1681 898 1745 ἡ
919 1668 976 1748 θεῖς
992 1677 1050 1746 τοῖς
1067 1674 1231 1760 ἀγαπῶσιν
1249 1677 1313 1741 αὐ·

198 1788 270 1860 τέν.”
315 1788 369 1859 45.
394 1792 498 1880 ἔγνωτε
515 1788 619 1879 χαράν
639 1787 813 1877 ἀῖιάιῖοχον,
835 1789 940 1878 ἔγνωτε
952 1784 1107 1871 βασιλείαν
1125 1781 1308 1868 ἀτέλευτον,

200 1903 306 1996 ἔγνωτε
337 1906 451 1997 τρυῲὴν
475 1905 597 1994 ἀγαθῶν
622 1908 706 1979 τέλος
730 1901 776 1992 μὴ
801 1903 944 1992 ἔχουσαν.
967 1903 1078 1994 μάθεττ
1100 1899 1153 1972 καῖ
1176 1899 1227 1979 τὴν
1253 1905 1311 1971 τῶν

163 2035 190 2082 15
201 2019 233 2111 ἐξ
253 2017 407 2107 εὐωνύμων
426 2018 563 2106 ὄδυνηράν
585 2014 695 2109 φαοὴν,
719 2012 752 2096 ἡν
772 2018 841 2109 τρῖς
860 2017 969 2094 αὐτούς
986 2015 1212 2110 ἀποφθέγξεται
1234 2021 1247 2085 ὅ
1269 2016 1312 2085 δι’·

195 2144 281 2208 ’καιος
301 2133 396 2222 κριτὴς
414 2131 466 2202 καῖ
487 2131 546 2206 θεῖς
565 2139 577 2202 ὁ
599 2137 691 2223 προῖος
707 2135 734 2203 ε’ν
751 2134 838 2225 θυμῷ
856 2133 976 2225 ἀμέτρῳ
991 2130 1044 2203 καῖ
1062 2136 1132 2227 ἀργῇ
1149 2130 1313 2203 Ι’ἀπέλθετε

200 2251 251 2319 ἀπ’
275 2250 359 2338 ἐμοῦ,
380 2249 405 2316 οἱ
422 2247 633 2340 κατηραμένον,
660 2250 698 2324 εἷς
722 2244 755 2318 τά
779 2249 835 2339 πῦρ
861 2248 895 2318 τῖ
916 2245 1024 2316 αι’ἀνιον
1043 2244 1080 2316 τῖ
1096 2245 1313 2336 ἡτοιμασμένον

197 2366 241 2456 τῷ
257 2362 394 2454 ιῖιαβάλῳ
404 2361 455 2432 καῖ
471 2371 529 2438 τοῖς
546 2362 688 2452 ἀγγέλοις
705 2365 820 2432 αύτού.”
838 2361 970 2452 ὑμεῖς’ῖὲ
985 2364 1100 2437 ἑαυτοῖς
1112 2363 1211 2431 ταῦτα
1227 2391 1314 2451 προε-

198 2476 347 2571 ξενὴσατε.
364 2477 488 2569 δέξασθε
504 2477 618 2551 ἑαυτοῖς
635 2477 686 2547 καῖ
703 2477 752 2553 τὴν
767 2473 947 2547 ἀπέλαυσιν.
961 2476 1125 2546 ι(ἀπέλθετε
1140 2477 1189 2545 ἀπ’
1204 2477 1276 2566 ἐμοῦ
1287 2477 1315 2545 οῖ

162 2609 190 2656 2⁰
201 2590 397 2682 κατηραμένοι
413 2593 450 2666 εἷς
464 2589 498 2660 τῖ
514 2589 616 2665 σκάτος
631 2589 665 2662 τά
681 2588 814 2684 ἐξώτερον
830 2591 882 2661 καῖ
898 2593 936 2668 εἷς
949 2590 982 2660 τά
998 2595 1055 2682 πῦρ
1069 2588 1104 2660 n*
1118 2585 1267 2672 ἀσβεστον
1280 2587 1316 2661 vo*

199 2704 416 2795 ἡτοιμασμένον
425 2710 468 2798 τῷ
478 2704 614 2797 ῖιαβάλιρ
625 2705 676 2777 καῖ
685 2715 743 2781 τοῖς
759 2709 903 2797 ἀγγέλοις
915 2708 1030 2776 αὐτοῧ.”
1049 2700 1108 2794 ε’γο)
1120 2705 1247 2777 ἔπλασα
1261 2703 1317 2776 καῖ

202 2817 295 2912 ἀλλῳ
307 2820 528 2911 προσηνέχθητε.
545 2819 607 2910 ἐγώ
618 2823 677 2908 εἶμι
694 2823 753 2891 ὁέκ
768 2821 884 2911 μὴτρας
894 2819 1053 2912 ἐξαγαγεῖν
1062 2823 1148 2912 ύμοῒς
1158 2819 1241 2908 κάμὲ
1249 2821 1283 2898 ἡθ
1297 2863 1314 2875 -

199 2935 319 3016 τὴσατε.
336 2933 398 3026 ε’γιέ
409 2937 468 3024 εἶμι
486 2942 499 3006 ὁ
517 2938 550 3007 ἐκ
564 2943 618 3027 γὴς
637 2936 814 3012 ῖιαπλάσας
827 2933 983 3029 προστάξει
996 2963 1057 3026 μου
1073 2932 1125 3005 καῖ
1142 2932 1233 3026 ἀλλῳ
1242 2963 1313 3023 προ-

201 3051 369 3138 σηνέχθητε.
395 3048 456 3140 ἐγώ
479 3053 537 3140 εἶμι
566 3058 579 3120 ὁ
610 3050 774 3142 ὃναθρέψας
797 3057 882 3140 ύμοῒς
906 3049 958 3120 καῖ
989 3044 1081 3141 ἀλλῳ
1106 3048 1312 3120 ἐδουλεύσατε.

163 3181 190 3230 2⁵
202 3160 263 3253 ε’γοῖ
279 3161 328 3240 τὴν
348 3165 402 3251 γὴν
421 3161 473 3233 καῖ
496 3163 544 3241 τὴν
567 3161 727 3233 θάλατσαν
746 3162 816 3255 πράς
841 3163 1001 3258 ῖιατροφὴν
1019 3167 1104 3255 ὑμῶν
1123 3164 1175 3237 καῖ
1194 3163 1312 3254 συμπέ·

199 3308 309 3370 ρασμα
330 3276 396 3360 βίου
416 3276 594 3370 προσέταξα,
619 3284 705 3367 ὑμεῖς
729 3278 761 3348 δὲ
787 3278 842 3356 τοῖς
863 3279 984 3355 ε’ντολοές
1010 3311 1071 3369 μου
1094 3276 1311 3372 παρηκούσατε.

201 3393 260 3484 ἐγὼ
285 3390 320 3463 τά
346 3396 410 3485 φῶς
436 3400 508 3482 ύμῖν
540 3394 660 3472 ε’ποέησα
685 3397 753 3485 πρῖς
777 3395 948 3466 ἀπέλαυσιν
971 3397 1022 3472 τὴς
1047 3394 1160 3486 ἡμέρας
1186 3390 1235 3464 καῖ
1261 3392 1311 3469 τὴν

201 3507 294 3578 νύκτα
313 3510 381 3599 πράς
401 3506 585 3591 ἀνάπαυσιν,
609 3515 694 3595 ὑμεῖς
715 3508 746 3579 δέ
764 3518 823 3585 τοῖς
842 3510 934 3600 ἔργοις
951 3517 1010 3582 τοῖς
1031 3517 1160 3597 πονηροῖς
1179 3505 1231 3597 ε’μέ
1249 3537 1313 3576 πα-

200 3622 391 3714 ρετικράνατε
408 3621 459 3692 καῖ
477 3624 635 3701 ἡθετὴσατε
656 3623 707 3694 καῖ
732 3633 791 3699 τοῖς
817 3626 923 3696 πάθεσι
950 3620 1037 3715 θύραν
1057 3624 1198 3718 ἡνοέξατε.
1216 3627 1312 3693 “ἀπο-

276 3792 290 3840 1
305 3785 333 3840 σύ
354 3818 381 3829 -
396 3787 512 3856 δημιουργ.
526 3807 576 3843 om.
591 3789 614 3843 b.
633 3785 643 3842 ΙΙ
661 3792 677 3841 2
691 3789 732 3840 καὶ
743 3792 794 3846 παῖς
807 3822 839 3832 -
855 3795 871 3842 3
886 3782 1010 3858 ηυριάτητα
1026 3809 1075 3844 om.
1089 3790 1114 3844 h.
1127 3787 1138 3844 ΙΙ
1154 3792 1178 3842 5.
1189 3784 1207 3841 6
1219 3781 1256 3843 οῖς
1271 3810 1310 3854 πρ.

200 3875 241 3949 ἀμ.
255 3898 306 3935 0m.
320 3878 344 3932 b.
354 3874 365 3931 ΙΙ
380 3881 448 3937 9.10
461 3875 551 3942 πατράς
562 3899 607 3947 μου
622 3879 714 3932 καὶτοῦ
728 3879 793 3945 ἀγέου
806 3877 942 3950 πνεύματος.
955 3883 1017 3933 ποῖον
1031 3882 1053 3934 b.
1064 3879 1074 3932 ΙΙ
1088 3875 1171 3936 13.11ι
1180 3877 1241 3940 Bm.
1256 3879 1313 3931 ἀτε-

200 3965 316 4038 λεύτητον,
330 3967 371 4036 ἕγν.
385 3971 408 4025 b.
419 3968 429 4024 ΙΙ
449 3974 490 4027 15.
507 3968 540 4024 16
553 3969 642 4039 ἀποφθ.
658 3968 669 4022 ὃ
684 3969 757 4034 κύριος
769 3969 832 4041 ἡμῶν
845 3970 855 4022 ὁ
870 3972 957 4028 δίκαιος
969 3973 992 4026 b.
1002 3971 1012 4026 ΙΙ
1032 3977 1064 4024 18
1078 3982 1140 4044 post
1152 3969 1222 4021 αὐτοῦ
1236 3972 1265 4024 b:
1278 3972 1311 4039 μὴ

200 4058 246 4130 γάρ
259 4061 288 4113 δι’
304 4059 368 4131 ύμάς
380 4059 409 4114 τά
419 4063 463 4130 πιῖρ
474 4060 592 4132 ἡτοίμαοα
604 4058 619 4122 ἡ
626 4060 665 4123 τὴν
676 4065 754 4131 κρίσιν,
767 4061 837 4114 ἀλλά
846 4065 881 4132 τῷ
893 4059 1054 4132 ὣοιβάλνρκαὶ
1064 4066 1110 4120 τοῖς
1116 4063 1226 4128 ἀγγέλοις
1234 4062 1313 4114 αὐτοῦ.

199 4148 267 4219 ἡμεῖς
284 4152 308 4203 δὲ
327 4155 415 4208 ἑαυτοῖς
431 4151 597 4226 προεξενὴοατε
614 4152 651 4206 τὴν
669 4149 774 4206 κέλασιν.
793 4154 838 4218 ὲγι)
860 4155 885 4207 δὲ
902 4153 1000 4208 έπλοισα
1012 4154 1061 4206 κτὲ.
1081 4151 1093 4208 ἡ
1116 4156 1151 4207 23
1168 4151 1214 4217 ἐγὼ
1229 4182 1261 4194 -
1277 4154 1313 4209 29

198 4239 301 4317 ἡνοῖξατε
314 4261 365 4298 om.
378 4243 403 4298 b.
420 4238 431 4298 ΙΙ
447 4240 484 4296 24
497 4241 598 4304 ἐπόνησα
610 4248 677 4300 Mor.
