2962 4964
1228 309 1271 376 91

253 488 314 556 Hic
326 489 506 579 procedens
517 494 551 556 in
561 491 720 557 mundum
732 491 812 557 deus
826 505 859 557 et
873 492 974 558 homo
991 495 1153 580 apparuit.
1169 505 1202 558 et
1215 494 1298 559 hc-¹

164 605 285 669 minem
298 604 429 690 quidem
448 627 523 669 eum
540 605 634 670 facile
651 619 701 670 est
717 607 906 692 intelligere,
923 629 997 671 cum
1008 611 1110 672 esurit
1119 621 1152 674 et
1161 607 1277 694 fatIga-
1387 617 1389 623 '

164 731 219 782 tur
231 731 264 782 et
273 717 403 784 laborat
419 733 452 783 et
469 723 537 783 sitit
554 733 586 785 et
597 719 755 784 formidat
771 720 906 807 ctfugit‚
923 734 1005 796 orat,
1022 725 1233 786 contristatur
1245 735 1277 786 et

166 854 264 920 super
280 834 417 897 cervical
434 832 556 897 dormit
574 847 607 898 et
623 834 754 899 calicem
775 839 902 922 respuit
922 839 1082 923 passionis
1107 849 1140 900 et
1161 840 1276 901 anxius

166 945 264 1011 sudat
280 960 313 1012 ct
333 945 375 1010 ab
399 947 514 1033 angelo
537 947 743 1013 confortatur
761 962 827 1014 cta
849 948 930 1013 Iuda
947 948 1088 1013 traditur
1108 962 1141 1014 et
1162 962 1301 1015 contu-5

166 1060 298 1125 meliam
311 1064 444 1147 patitur,
461 1085 480 1124 a
492 1061 616 1149 Caipha
634 1075 666 1126 et
676 1060 807 1126 Herode
820 1060 1004 1151 despicitur,
1021 1063 1156 1128 aPilato
1167 1061 1278 1148 flagel-

165 1174 254 1239 latur
265 1176 359 1260 eique
374 1198 393 1239 a
406 1175 562 1240 militibus
577 1175 725 1240 illuditur
743 1189 776 1241 et
791 1199 810 1238 a
821 1174 948 1242 Iudaeis
959 1179 1045 1264 ligno
1058 1177 1229 1264 configitur
1245 1190 1278 1242 et

166 1288 208 1353 ad
223 1303 352 1376 patrem
376 1290 518 1354 clamans
543 1290 752 1355 commendat
772 1294 921 1377 spiritum
943 1306 976 1356 et
995 1292 1149 1357 inclinato
1172 1269 1278 1378 capite

166 1407 317 1493 spiritum
327 1404 443 1481 tradit,
460 1405 546 1469 latus
562 1405 675 1469 lancea
690 1404 888 1492 perforatur,
903 1406 1072 1470 involutus
1089 1409 1122 1469 in
1141 1407 1277 1471 sindone

165 1522 301 1608 ponitur
315 1523 349 1582 in
366 1519 538 1607 sepulchro
558 1532 591 1584 et
606 1543 625 1584 a
640 1533 735 1606 patre
752 1520 803 1583 die
821 1522 917 1583 tertia
931 1523 1114 1583 suscitatur.
1127 1519 1277 1585 divinita·
1290 1535 1315 1581 tc

166 1650 233 1701 tem
250 1659 329 1701 vero
349 1639 417 1699 eius
440 1634 552 1699 videre
570 1657 684 1698 rursus
701 1634 825 1697 clarum
842 1647 900 1708 est,
919 1633 1051 1720 quando
1065 1634 1220 1700 laudatur
1235 1634 1278 1699 ab

168 1750 290 1836 angelis
307 1763 339 1814 et
349 1750 411 1813 hoc
426 1747 642 1836 apastoribus
653 1751 824 1834 inspicitur
835 1761 867 1812 et
879 1761 1114 1835 exspectatura
1125 1748 1279 1815 Simeone

168 1878 200 1930 ct
216 1864 255 1928 ab
271 1864 367 1929 Anna
382 1866 608 1929 testimonium
630 1861 822 1949 perhibetur
838 1875 871 1926 et
891 1866 1062 1949 quaeritur
1084 1885 1103 1926 a
1119 1865 1222 1950 magis
1246 1877 1279 1928 ct

168 1978 210 2043 ab
235 1979 328 2042 stella
351 1977 539 2065 designatur
563 1990 596 2043 ct
617 1962 704 2063 aqua
726 1981 760 2041 in
783 1979 904 2066 nuptiis
929 1991 1085 2066 operatur
1108 1979 1222 2041 vinum
1246 1990 1279 2041 et

166 2096 315 2182 increpat
343 2115 434 2157 mare
464 2093 621 2157 violentia
650 2105 853 2156 commotum
877 2105 1051 2156 ventorum
1076 2105 1109 2155 et
1132 2091 1316 2156 ambulatis

170 2229 270 2293 supra
292 2229 385 2270 mare
413 2220 446 2271 ct
475 2226 609 2270 coecum
634 2227 673 2268 ex
696 2207 865 2269 nativitate
889 2205 1000 2269 videre
1023 2204 1103 2268 facit
1133 2219 1165 2269 et
1189 2229 1277 2271 mor·

169 2333 265 2384 tuum
287 2319 450 2384 Lazarum
468 2296 723 2404 quatriduanum
745 2320 919 2383 resuscitat
942 2331 975 2382 et
989 2320 1095 2382 varias
1111 2317 1191 2382 facit
1213 2322 1278 2383 vir-

169 2448 257 2501 tutes
282 2433 404 2520 datque
428 2432 592 2520 discipulis
615 2444 823 2521 potestatem.
1382 2409 1385 2414 ’

259 2528 426 2614 Eiusdem.
465 2545 583 2611 Vidisti
600 2545 690 2633 quod
706 2545 885 2610 secundum
911 2567 1040 2609 carnem
1055 2543 1187 2631 quidem
1210 2544 1279 2608 eius

171 2686 211 2729 ex
225 2662 334 2728 David
357 2676 436 2739 erat,
460 2661 551 2750 quod
566 2684 645 2727 vero
670 2660 849 2724 secundum
873 2663 1023 2749 spiritum
1040 2683 1080 2724 ex
1096 2657 1174 2723 deo:
1200 2679 1279 2743 qua·
1291 2675 1317 2720 rc

169 2793 306 2869 propter
326 2775 506 2867 probatum
530 2789 580 2842 cst
603 2773 742 2841 cundem
768 2789 800 2841 ct
823 2774 921 2841 deum
946 2788 978 2841 et
999 2775 1175 2839 hominem.

301 2956 423 3010 Gelasius
438 2956 626 3027 episcRornno
640 2954 667 3007 in
680 2953 838 3007 testimoniis
852 2953 885 3007 de
898 2951 1000 3006 duabus
1013 2951 1113 3005 naturis
1125 2950 1153 3002 in
1167 2946 1280 3007 Christo.

243 3050 311 3106 Bibt
324 3050 394 3103 Patr.
407 3048 524 3120 Lugdun.
536 3056 599 3101 tom.
612 3048 674 3100 VIII
685 3064 709 3118 p.
725 3037 785 3100 rol.

670 3264 673 3271 .
698 3216 751 3282 12.

260 3360 508 3438 Ἰππίλυτσς...ὁ
522 3361 572 3438 τῆς
593 3357 745 3442 εὐσεβείαις
764 3354 890 3448 μάρτυς,
913 3355 1069 3430 ἐπίσκοπος
1085 3351 1213 3446 γεγονὼς
1228 3355 1281 3423 τοῦ
1292 3372 1319 3420 25

173 3480 362 3566 καλουμένου
385 3474 499 3564 Πόρτνυ
524 3472 647 3551 πλησίον
665 3471 864 3558 τῆςῬώμης,
886 3471 913 3537 ἒν
932 3473 974 3559 τῷ
996 3466 1065 3558 πρᾶς
1084 3464 1283 3542 nicticoracis

175 3593 294 3684 αἱρέσεις
312 3589 505 3679 συντάγματι
523 3586 657 3678 ἔγραψεν
677 3581 724 3654 ἐπὶ
744 3584 853 3677 λέξεως
873 3583 976 3656 οὕτως·

232 3714 236 3720 ’
261 3707 342 3795 ‘oni
366 3705 422 3796 μὲν
449 3701 496 3773 οὖν
521 3703 564 3772 ’ὅτι
591 3696 772 3793 φιλονεικίας
804 3698 837 3767 sd
863 3695 952 3788 ἔργον.
982 3695 1066 3785 λέγει
1096 3696 1156 3786 γιίρ
1184 3695 1281 3770 οὕτως·

175 3823 288 3898 ἐποίησε
305 3817 338 3890 sd
358 3818 475 3906 πνίσχνι
496 3824 508 3887 ὁ
529 3815 651 3905 χριστδς
674 3812 738 3884 τίπε
760 3817 794 3908 τῇ
814 3813 909 3904 ἡμέραν
933 3811 983 3882 nal
1006 3811 1117 3881 ἔπαθεν.
1138 3811 1181 3879 dcc*
1200 3808 1283 3899 κάμὲ

175 3939 226 4020 δεῖ,
243 3934 274 4008 ἲν
292 3934 393 4028 τρίπον
419 3929 548 4022 ὁκιῖρινς
572 3932 722 4014 ε’πνιήσεν,
738 3931 812 3999 οὕτω
837 3935 933 3997 ποιεῖν.
966 3920 1153 4003 πεπλάνηται
1179 3922 1210 3992 dl
1235 3923 1282 4013 μὴ
1295 3947 1320 3994 3⁰

175 4047 323 4143 γινώσκων
347 4049 390 4120 ’ὅτι
418 4038 558 4140 pinapel
583 4047 720 4133 ἔπασχεν
749 4050 762 4115 ὁ
783 4040 919 4134 χριστός,
948 4045 1000 4111 οὐκ
1026 4038 1127 4130 ἔφαγε
1151 4039 1184 4109 cd
1202 4037 1285 4111 eard

251 4222 283 4272 31
300 4210 389 4287 deod.
403 4225 464 4281 vat,
477 4215 511 4283 τῷ
525 4213 564 4267 ed.
577 4212 654 4289 paris.
