2962 4964
233 238 300 329 ιυο

211 439 297 528 ίγὴς.
318 435 358 539 σὺ
376 437 436 508 είὺ
459 434 502 509 τοὺ
520 433 636 530 ιίίρατα
656 437 884 528 ὑὴμιουργὴσοος.
904 437 960 507 σοὺ
978 435 1041 508 ὑτῖ
1058 437 1212 530 προσώπου
1234 438 1343 530 φεύγει

232 554 323 624 ποῒσα
351 559 369 631 ἡ
395 555 445 642 γὴ.
477 549 528 622 καῖ
553 557 614 626 πῶς
638 559 724 644 ἡμεῖς
748 549 1002 645 ἒξενοὺοχὴσαμεν
1027 552 1077 631 τὴν
1103 553 1154 630 σὴν
1182 555 1342 635 βασιλείαν

233 665 285 739 ιοαῖ
303 663 472 757 κυριίτητας
495 669 548 735 44.
565 667 630 738 τίτε
650 665 873 755 ὑποκριθὴσεται
894 664 986 737 ποίλιν
1007 673 1019 737 ὑ
1041 666 1189 749 βασιλεύς
1207 669 1262 737 τῶν
1280 672 1342 750 βα-

233 778 412 865 σιλευίντων,
432 782 529 871 λέγων
547 780 617 874 πρὺς
636 780 743 857 αὑτοὺς
759 785 827 873 “ε’φ’
846 783 913 853 ’ὅσον
934 780 1087 859 ε’ποιὴσατε
1106 782 1144 851 ἕνῖ
1163 783 1270 852 τούτων
1287 789 1343 852 τῶν

210 897 378 988 5οἰὺελφῶν
394 927 456 987 μου
470 898 527 967 τῶν
545 897 724 984 ἐλαχίστων,
740 896 805 986 ε’μοῖ
820 894 998 975 ἕποιὴσατε.”
1017 899 1064 989 ἐφ’
1077 897 1142 966 ὑσον
1153 893 1201 971 οὓς
1210 905 1343 988 προεῖπον

232 1018 305 1101 ὑμῖν
331 1012 576 1105 ὲξενοὺοχὴσατε,
605 1012 759 1082 ε’νεὺύσατε
789 1011 841 1085 καῖ
873 1012 1017 1105 ἐθρέψατε
1049 1010 1101 1081 καῖ
1127 1012 1279 1081 ε’ποτίσατε
1303 1010 1344 1083 τοὺ

232 1126 313 1218 μίλὴ
328 1158 400 1218 μου,
417 1129 485 1202 τοὺς
500 1126 650 1213 πτωχούς,
670 1124 735 1217 ε’μοῖ
751 1126 914 1204 ε’ποιὴσατε.
936 1124 1026 1198 οίλλοῖ
1046 1128 1128 1196 ὑεὺτε
1149 1129 1186 1203 εἷς
1200 1127 1249 1203 τὴν
1268 1133 1344 1206 ἡτοι-

232 1242 390 1335 μασμένην
408 1248 478 1332 ὑμῖν
497 1242 657 1325 βασιλείαν
671 1242 732 1311 οἰπὺ
747 1244 932 1323 καταβολὴς·
943 1242 1070 1331 κίσμου.
1089 1242 1290 1312 ὑπολαύσατε
1309 1245 1347 1316 εἷς
1432 1311 1433 1315 ,

234 1359 327 1427 αιόῖνα
345 1358 443 1433 αίὺνος
458 1356 544 1445 παροῖ
559 1358 611 1427 τοὺ
624 1354 733 1446 πατρίς
747 1388 808 1446 μου
825 1359 877 1426 τοὺ
894 1358 922 1425 ἐν
933 1362 1058 1447 οὑρανοῖς
1069 1356 1121 1426 καῖ
1132 1362 1184 1426 τοὺ
1194 1357 1341 1446 παναγίου

198 1470 286 1542 ίῦκαῖ
305 1475 448 1562 ζωοποιοὺ
467 1469 644 1561 πνεύματος.
667 1479 746 1541 ποῖον
765 1467 825 1562 οἷρα
846 1471 948 1562 στίμα
965 1469 1166 1562 ε’κὺιοιγὴσεται
1182 1474 1224 1541 τοὺ
1239 1468 1346 1561 οἰγαθοῖ

234 1589 330 1656 ε’κεῖνα
346 1582 387 1658 “οῗ
407 1584 570 1678 ὑφὺαλμὺς
589 1592 642 1655 οὑκ
662 1588 734 1655 οίὺεν
755 1582 820 1655 οὑτε
839 1585 887 1660 οὑς
907 1590 960 1656 οὑκ
982 1582 1103 1663 ἡκουσεν
1124 1583 1189 1656 οὑτε
1208 1584 1254 1655 ε’πῖ
1272 1616 1345 1675 καρ-

230 1699 299 1770 Ιὑίοον
319 1697 469 1791 οἰνὺροίπου
492 1704 545 1770 οὑκ
569 1703 674 1783 οἰνέβὴ,
696 1696 716 1771 ἡ
736 1706 895 1790 ἡτοίμασεν
921 1706 933 1770 ὑ
954 1696 1013 1774 ὑεῖς
1032 1709 1092 1776 τοῖς
1112 1703 1271 1791 α’γαπῶσιν
1289 1705 1347 1771 αὑ-

230 1812 304 1886 τίν.”
350 1813 404 1884 45.
429 1817 532 1905 ἔγνωτε
550 1813 654 1904 χαροῖν
674 1813 848 1903 οἰὺιοίὺοχον,
869 1815 974 1904 ἔγνωτε
988 1816 1149 1897 βασιλείαν
1168 1813 1345 1899 οὶσοίλευτον,

232 1928 341 2022 ’ἔγνωτε
372 1931 486 2022 τρυῲὴν
510 1931 631 2020 οἰγαὺὤν
657 1934 741 2005 τέλος
764 1926 810 2019 μὴ
836 1929 979 2018 ἔχουσαν.
1003 1933 1115 2020 μοίθετε
1139 1931 1192 2002 καῖ
1217 1930 1265 2010 τὴν
1291 1936 1346 2001 τῶν

198 2060 224 2107 15
236 2043 268 2136 ἐξ
288 2043 441 2132 εὑωνύμων
461 2044 597 2131 ὑὺυνηροῖν
619 2040 730 2135 φωνὴν,
754 2038 787 2122 ἡν
806 2044 875 2134 πρὺς
895 2044 1003 2120 αὑτοὺς
1022 2047 1248 2138 αποφθίγξεται
1271 2052 1283 2115 ὑ
1305 2046 1346 2115 ὑί-

229 2168 316 2233 ’κοιιος
334 2158 430 2251 κριτὴς
449 2156 501 2227 καῖ
521 2157 581 2232 ὑεῖς
599 2165 611 2227 ὑ
633 2163 726 2248 προῖος
742 2161 769 2228 ἒν
786 2160 873 2251 θυμῷ
891 2159 1011 2250 οἰμέτρῳ
1026 2158 1078 2230 καῖ
1098 2165 1168 2255 ὀργῇ
1185 2160 1347 2232 Ιὀίπίλθετε

234 2276 285 2344 ὑπ’
309 2275 393 2364 ε’μοὺ,
414 2274 440 2343 οῖ
456 2273 668 2365 κατηραμένοι,
695 2276 732 2349 εἷς
757 2271 790 2344 'cox
813 2275 870 2365 πὺρ
895 2275 930 2344 τὺ
950 2272 1058 2344 αιίίνιον
1078 2273 1114 2345 οὑ
1130 2275 1347 2365 ἡτοιμασμένον

232 2391 275 2481 τῷ
292 2387 428 2478 ὑιαβίλῳ
438 2386 490 2457 καῖ
505 2396 563 2464 τοῖς
580 2387 723 2478 οἰγγέλοις
740 2391 855 2458 adrev?
872 2388 1005 2479 ὑμεῖς’ὑέ
1020 2391 1133 2464 ἑαυτοῖς
1146 2392 1246 2459 ταῦτα
1262 2420 1347 2479 προε-

232 2501 381 2596 ξενὴσατε.
398 2502 522 2594 ὑίξασὺε
538 2503 652 2577 ἑαυτοῖς
670 2503 721 2573 καί
737 2503 786 2580 τὴν
802 2500 982 2574 οἰπίλαυσιν.
996 2504 1159 2573 “οίπέλὺετε
1174 2505 1223 2572 ὑπ’
1238 2505 1311 2593 ἒμοὺ
1323 2506 1349 2572 οῖ

196 2633 224 2680 2⁰
235 2615 431 2707 κατηραμένοι
448 2618 485 2691 είς
499 2614 532 2685 w*
548 2615 649 2691 σαίτος
666 2614 699 2688 τὺ
716 2615 848 2710 ε’ξοίτερον
865 2617 916 2688 καῖ
932 2620 970 2695 εἷς
984 2618 1017 2688 τὺ
1032 2622 1089 2707 πὺρ
1104 2616 1138 2687 τὺ
1153 2612 1300 2701 οίσβεστον
1315 2617 1349 2689 τιῖ

234 2730 502 2829 ἡτοιμασμένοντῷ
512 2730 649 2824 ὑιαβίλῳ
659 2730 711 2802 καῖ
720 2740 777 2806 τοῖς
793 2735 937 2823 οἰγγέλοις
949 2735 1063 2802 αὑτοὺ.”
1084 2729 1143 2822 ε’γοῖ
1155 2734 1280 2805 ἕπλασα
1295 2732 1348 2805 καῖ

585 2845 849 2875 >12121
934 2849 940 2872 ³

236 2842 329 2938 ὑλλιρ
341 2845 562 2937 προσηνέχθὴτε.
579 2875 637 2936 εγω
652 2877 711 2934 ειμι
728 2878 741 2916 ο
755 2877 788 2916 εκ
802 2876 918 2938 ματρας
928 2845 1087 2938 εξαγαγοῖν
1097 2850 1182 2939 ὑμᾶς
1192 2848 1274 2936 κοίμὲ
1284 2849 1346 2926 ἡθε-

376 2959 468 2987 ’l’
525 2963 565 2989 ιο

233 2959 353 3039 τὴσατε.
370 2990 429 3051 εγω
444 2991 502 3048 ειμι
520 2993 533 3030 ο
552 2992 585 3031 εκ
598 2967 653 3051 γὴς
671 2961 848 3038 ὑιαπλοίσας
861 2959 1017 3055 προστοίξει
1030 2990 1091 3051 μου
1108 2961 1159 3031 καῖ
1176 2959 1267 3054 οίλλῳ
1277 2992 1346 3051 προ-

235 3076 403 3163 σηνέχθητε.
430 3072 491 3164 ε’γοί
513 3077 571 3163 εἶμι
600 3083 613 3145 ὑ
644 3076 808 3167 διαθρύψας
831 3082 916 3165 ὑμεῖς
941 3076 993 3145 καῖ
1023 3071 1115 3167 οἶλλῳ
1140 3077 1345 3147 ἐδουλεύσατε.

197 3206 224 3255 2⁵
236 3186 296 3278 ε’γο)
313 3186 362 3266 τὴν
382 3191 435 3276 γὴν
455 3185 507 3258 καῖ
530 3188 579 3266 τὴν
601 3187 761 3258 θοίλασσοον
780 3187 850 3280 πρὺς
864 3188 1035 3283 ’ὑιατροφὴν
1053 3195 1138 3282 ὑμῶν
1157 3192 1209 3263 καῖ
1228 3192 1346 3282 συμπί-

233 3333 342 3395 ρασμα
364 3303 430 3385 βίου
450 3301 629 3394 προσέταξα,
653 3309 739 3391 ὑμεῖς
763 3303 795 3373 ὑὲ
822 3302 876 3381 τοῖς
897 3305 1019 3380 ἒντολοίς
1044 3337 1105 3395 μου
1129 3306 1346 3397 παρηκούσατε.

235 3418 294 3509 ἐγὼ
319 3415 354 3488 τὺ
379 3421 445 3510 φῶς
470 3424 542 3507 ὑμῖν
574 3419 694 3498 ἐποίησα
719 3422 787 3510 πρὺς
811 3420 982 3492 ὑπίλαυσιν
1006 3423 1056 3498 τὴς
1081 3422 1193 3514 ἡμέρας
1220 3420 1271 3493 καῖ
1296 3422 1346 3499 τὴν

235 3531 327 3603 νύκτα
347 3534 415 3623 πρὺς
435 3531 619 3615 οἰνοίπαυσιν,
643 3540 728 3619 ὑμεῖς
749 3533 781 3604 ὑὲ
798 3545 857 3610 τοῖς
876 3536 968 3628 ἔργοις
982 3543 1044 3632 τοῖς
1065 3545 1192 3625 πονηροῖς
1213 3535 1266 3623 ε’μέ
1285 3566 1347 3605 πα-

234 3646 425 3740 ρεπικροίνατε
442 3646 493 3717 καῖ
512 3649 669 3727 ἡθετὴσατε
691 3648 742 3719 καῖ
766 3659 825 3725 τοῖς
851 3652 957 3722 ποίὺεσι
984 3647 1071 3740 θύραν
1090 3651 1232 3744 ἡνοίξατε.
1251 3656 1346 3722 “dm-

310 3818 324 3866 1
339 3811 367 3866 σὺ
388 3844 415 3854 -
430 3813 546 3882 ὑὴμιουργ.
560 3833 615 3868 om.=
625 3814 648 3868 b.
667 3810 677 3868 ΙΙ
695 3818 711 3867 2
725 3815 766 3866 καὶ
777 3818 828 3872 παῖς
841 3847 873 3857 -
888 3821 905 3868 3
920 3808 1044 3883 κυριίτητα
1060 3835 1108 3871 om.
1123 3816 1147 3871 b.
1160 3814 1171 3870 ΙΙ
1187 3820 1211 3870 5.
1223 3813 1241 3870 6
1254 3811 1290 3872 οὑς
1305 3839 1344 3883 πρ.

233 3900 275 3974 ὑμ.
289 3923 340 3960 om.
354 3905 378 3958 b.
388 3900 398 3957 ΙΙ
414 3907 481 3963 9.10
495 3900 585 3968 πατρίς
596 3925 642 3973 μου
656 3905 696 3956 καῖ
709 3909 749 3958 τοῦ
762 3904 827 3970 οἱγίου
840 3902 976 3974 πνεύματος.
989 3910 1051 3960 ποῖον
1064 3909 1087 3961 b.
1098 3905 1107 3960 ἡ
1121 3904 1204 3963 13.1ὑ
1214 3907 1275 3969 βασ.
1289 3907 1346 3961 ἀτε-

234 3990 349 4063 λεύτητον,
364 3993 405 4062 ἕγν.
419 3996 442 4051 b.
454 3993 463 4049 ΙΙ
483 4000 524 4052 15,
541 3994 574 4050 16
587 3994 676 4065 οίποφὺ.
692 3993 703 4047 ὅ
717 3995 791 4061 κύριος
803 3995 866 4066 ἡμῶν
879 3995 889 4047 ὑ
904 3997 990 4054 δίκαιος
1002 3999 1026 4054 b.
1036 3996 1045 4052 ΙΙ
1065 4004 1097 4051 18
1111 4010 1173 4071 post
1185 3998 1256 4050 αὑτοῦ
1270 4001 1298 4052 b:
1312 4001 1344 4067 μὴ

234 4084 280 4156 γοῖρ
292 4087 322 4139 δι’
338 4085 402 4158 ὑμεῖς
414 4083 443 4140 τὺ
453 4089 497 4156 πιῖρ
508 4085 626 4157 ἡτοίμασα
638 4083 698 4148 ἡτὴι
710 4090 788 4157 κρίσιν,
801 4087 870 4141 ιὀλλιί
879 4090 914 4158 τῷ
927 4085 1038 4158 ὑιαβίλιρ
1045 4087 1087 4140 καὶ
1097 4093 1143 4146 τοῖς
1150 4093 1260 4156 ἀγγέλοις
1267 4091 1346 4142 αὑτοῦ.

233 4174 300 4246 ὑμεῖς
317 4178 342 4230 ὑὲ
361 4181 449 4234 ἑαυτοῖς
465 4177 631 4252 προεξενὴσατε
648 4178 685 4231 τὺν
702 4175 808 4232 κίλασιν.
827 4180 871 4244 ὲγὺ
894 4181 918 4233 ὑὲ
935 4179 1033 4234 ἔπλασα
1045 4181 1094 4232 οιτὲ.
1116 4178 1126 4235 ΙΙ
1149 4184 1184 4235 23
1203 4182 1248 4246 ὲγὺ
1262 4211 1294 4223 -
1310 4183 1346 4238 29

231 4266 335 4344 ἡιοίξατε
348 4288 399 4325 om.
412 4270 437 4324 b.
453 4266 464 4325 ΙΙ
481 4266 517 4322 24
531 4267 632 4330 ὲπίνὴσοο
644 4274 711 4326 Mor.
