2962 4964
161 328 197 372 lv

160 503 263 548 manu
277 484 405 569 scriptis
418 479 591 570 Hippolyti
604 482 737 545 nomine
750 483 902 568 insignita
915 485 1136 561 inveniuntur,
1151 507 1269 570 quam-

163 630 263 694 quam
285 607 427 670 multum
442 606 536 669 abest
557 618 596 668 ut
616 628 700 692 pura
722 620 806 692 puta
827 607 1019 695 hippolytea
1043 608 1175 672 credam
1198 632 1270 673 esse

162 754 248 819 quae
275 732 339 796 hoc
364 731 532 794 volumine
567 734 790 806 continentur,
824 754 926 817 quum
964 734 1131 820 permulta
1163 737 1270 798 inesse

164 859 266 920 sciam
289 879 373 942 quae
396 853 439 918 ad
461 867 617 941 quartum
647 859 839 941 quintumve
861 870 940 943 post
962 856 1131 921 Christum
1154 873 1270 922 natum

163 979 330 1044 sacculum
361 978 542 1065 ableganda
573 1001 645 1043 essc
675 979 868 1043 videanturt
898 1003 964 1066 qna
993 980 1034 1045 de
1063 1005 1100 1046 rc
1123 982 1270 1068 gratulor

163 1103 254 1191 qnod
284 1108 363 1167 artis
391 1102 670 1190 praefatiunculae
703 1102 824 1167 finibus
854 1104 945 1190 loqui
969 1105 1155 1193 prohibeor.
1184 1130 1270 1192 quac

163 1226 252 1315 apud
276 1227 380 1312 Syros
410 1240 444 1290 et
471 1225 597 1291 Arabes
629 1241 761 1291 servata
788 1228 959 1316 Hippolyti
989 1229 1174 1316 fragmenta
1200 1234 1271 1319 ipsc

163 1351 249 1417 edidi
279 1354 315 1414 in
335 1350 492 1414 analectis
514 1353 595 1414 meis
624 1373 657 1435 p.
676 1350 825 1415 81-94
852 1366 887 1416 et
913 1353 1092 1441 appendice
1114 1355 1270 1420 analectis

163 1475 276 1541 addita
297 1472 490 1563 pal-28
513 1496 664 1560 quaeque
685 1498 705 1539 c
719 1475 885 1541 codicibus
907 1481 1079 1542 armenicis
1093 1478 1270 1543 llechitlra-

162 1604 319 1665 ristarum
342 1598 453 1662 studio
475 1599 638 1686 descripta
664 1600 753 1687 apud
780 1623 834 1665 me
863 1601 969 1664 habco
991 1601 1045 1685 (dc
1067 1607 1271 1690 geoponieon

163 1727 315 1788 versione
337 1727 464 1810 syriaca
484 1745 518 1810 p.
533 1721 601 1805 2¹3),
624 1745 664 1787 ca
686 1728 797 1788 omnia
818 1725 895 1788 hnic
918 1726 1074 1789 volumini
1097 1727 1270 1791 adiunctu-

162 1871 221 1913 rus
243 1871 344 1924 eram
365 1846 424 1912 sed
445 1870 506 1934 pcr
525 1870 579 1911 mc
607 1870 674 1911 non
696 1853 787 1912 stetit
799 1853 977 1936 quominus
992 1852 1162 1915 consilinm
1178 1874 1271 1916 exsc-

164 1995 292 2058 querer.
314 1995 463 2036 coenon
490 1976 617 2036 steterit
639 1995 802 2059 exponere
824 1974 920 2048 nolo,
948 1997 1050 2060 quum
1077 1979 1112 2039 io
1140 1999 1270 2040 summa

162 2097 282 2160 horum
293 2110 480 2183 temporum
494 2099 626 2160 tristitia
642 2096 683 2160 de
698 2120 750 2161 me
765 2100 911 2184 meisque
922 2098 1020 2162 rebus
1034 2100 1163 2186 publice
1178 2101 1270 2187 loqui

162 2220 303 2284 taedeat.
329 2224 461 2284 iuterim
483 2222 534 2285 leis
555 2223 678 2308 graecis
702 2247 722 2286 a
750 2245 803 2287 me
825 2224 968 2286 collectis
992 2238 1136 2297 utantur,
1161 2228 1188 2289 si
1211 2228 1268 2311 qui

161 2344 333 2433 Hippolyti
354 2348 520 2432 ingenium
541 2368 738 2432 cognoscere
759 2351 943 2410 accuratius
965 2350 1156 2434 cupiverint.

251 2469 397 2536 naono
416 2470 489 2535 un
505 2470 689 2558 septemb».
704 2471 961 2537 uococevlu
