2962 4964
1194 307 1245 375 62

128 481 187 574 μία
203 482 262 574 γάρ
272 484 310 557 εἷς
326 484 408 552 τοῦτο
419 478 452 554 τὸ
467 481 574 573 χωρίον
582 481 713 565 κάθοδος,
724 480 758 552 οῦ
769 484 805 578 τῇ
811 463 893 578 πύλη
904 484 1063 576 ε’ῲεστῦτα
1079 478 1265 576 ἀρχόγγεί

58 606 60 610 ’
127 615 179 667 λον
195 597 217 669 ἀ
216 627 267 686 μα
277 599 405 690 στρατιζὸ
414 594 663 689 πεπιστεύκαμεν,
679 592 711 676 διν
725 597 823 678 πύλην
837 597 993 675 διελθόντες
1005 601 1032 668 οἱ
1041 597 1243 688 καταγόμενοι

127 713 187 783 ύπδ
202 714 257 782 τῦν
270 710 316 782 ε’π1
331 709 385 788 τάς
393 709 510 805 ‘Qube
518 711 705 804 τεταγμένων
716 716 857 804 ἀγγέλων
872 716 905 782 ού
921 715 984 806 μιξιῖ
995 715 1053 806 ὁδῷ
1063 715 1243 804 πορεύονται,

129 831 202 898 ἀλλ’
216 829 242 896 οἵ
252 826 308 916 μὸν
319 826 425 897 δίκαιοι
436 829 473 903 εἷς
487 826 571 920 δεξιά
581 828 856 919 φωταγωγούμενοι
873 825 925 898 καὸ
936 825 997 900 ύπὸ
1005 834 1059 898 τῶν
1069 828 1242 920 ἐφεστώτων

125 941 209 1012 κατά
222 940 309 1012 τόπον
325 947 465 1032 ἀγγέλων
483 943 669 1033 ὑμνούμενοι,
686 937 809 1033 ἀγονται
826 945 863 1018 εἷς
877 944 984 1034 χωρίον
1006 941 1152 1036 φωτεινόν,
1172 945 1199 1011 ἔν
1217 939 1282 1034 ᾧὸῑ

129 1059 155 1127 οὸ
170 1060 226 1127 ἀπ’
253 1059 350 1148 ἀρχῆς
369 1058 475 1128 δίιιαιοι
495 1053 708 1141 πολιτεύονται,
730 1061 793 1146 οὐχ
811 1063 866 1129 ὁπ’
890 1056 1025 1149 ἀνιόγκης
1044 1053 1245 1149 κρατούμενοι,

130 1171 223 1242 ἀλλά
238 1174 288 1251 της
303 1175 357 1241 τῦν
373 1171 519 1262 ὁρωμένων
544 1174 666 1263 ἀγαθῶν
683 1175 750 1247 θέας
766 1170 812 1244 ἀεὶ
835 1174 1038 1248 ἀπολαύοντες
1060 1171 1113 1243 καὶ
1133 1173 1170 1267 τῇ
1187 1173 1242 1242 σῦν

129 1281 270 1356 ἕκάστοτε
280 1289 384 1358 καινῦν
400 1286 545 1377 ὁρωμένων
558 1289 718 1380 προσδοκία
734 1287 867 1378 ἡδόμενοι
878 1291 1003 1358 κάκεῖνα
1013 1288 1121 1357 τούτων
1131 1283 1242 1369 βελτίω

127 1397 293 1491 ἡγούμενοι.
310 1400 348 1475 οἷς
365 1407 378 1471 ὁ
395 1402 482 1477 τύπος
493 1407 525 1472 ού
537 1400 756 1495 καματηφόρος
767 1403 887 1494 γίνεται,
903 1405 936 1473 οῦ
956 1403 1085 1483 καύσων,
1098 1406 1131 1470 ού
1147 1400 1242 1491 κρύος,

130 1517 162 1584 ού
181 1516 316 1606 τρίβολος
334 1517 360 1584 ἕν
383 1519 475 1608 αὐτῷ,
496 1520 569 1586 ἀλλ’
588 1523 605 1594 ὁ
622 1518 678 1586 τῦν
694 1517 825 1607 πατέρων
843 1516 960 1587 δικαίων
977 1546 1009 1586 τε
1023 1516 1149 1606 ὁρωμένη
1171 1509 1243 1607 ὁψις
1254 1527 1280 1584 io

128 1628 254 1700 ποόντοτε
271 1630 384 1722 μειδιᾷ,
404 1630 603 1720 ἀναμενόντων
630 1631 680 1709 τάν
698 1632 782 1722 μετά
806 1633 891 1701 τοῦτο
910 1627 944 1701 τδ
967 1631 1078 1722 Ιχωρίον
1099 1628 1242 1701 ἀνοίπαυ-

129 1775 172 1814 σιν
193 1743 246 1814 κα1
266 1745 380 1814 αἰωνίαν
402 1745 562 1828 ἀναβίωσιν
592 1748 619 1815 ἒν
642 1748 763 1837 ούρανοῦ.
792 1745 888 1837 τούτῳ
911 1745 943 1815 δδ
963 1741 1059 1837 ὁνομα
1080 1738 1242 1826 κικλόσκο-

127 1889 183 1949 μεν
207 1859 337 1930 “κόλπον
361 1857 537 1951 ’λβραιίμ.”
567 1862 593 1930 οἱ
612 1859 644 1931 δὲ
670 1856 766 1932 ἀδικοι
797 1863 835 1936 εἷς
860 1857 999 1952 ἀριστερά
1020 1861 1157 1932 ὁλκονται
1182 1858 1243 1931 ύπδ

128 1975 269 2065 ἀγγέλων
279 1978 444 2058 κολαστῦν,
461 1976 554 2045 ούκίτι
571 1976 706 2051 ἑκουσίως
720 1974 913 2067 πορευόμενοι,
930 1975 1022 2047 ἀλλά
1034 1972 1115 2066 μετά
1124 1974 1194 2057 βίας
1204 1980 1243 2050 bc

127 2088 241 2178 δέσμιοι
251 2088 411 2178 ἑλκόμενοι,
419 2087 456 2164 οἷς
468 2093 493 2159 οἱ
501 2092 664 2181 ἐφεστῶτες
674 2087 804 2181 ἀγγελοι
814 2093 1004 2181 ε’πιγελοῦντες
1014 2091 1241 2180 διαπέμπονται
1254 2101 1280 2154 15

128 2202 352 2294 ε’πονειδίζοντες
371 2203 422 2274 καί
440 2208 562 2297 φοβερῷ
582 2200 701 2295 ὁμματι
725 2207 952 2280 ἐπαπειλοῦντες
975 2209 1013 2279 εἷς
1031 2206 1071 2275 τά
1089 2201 1242 2295 κατοίτερα

126 2319 269 2391 ὠθοῦντες.
296 2312 346 2393 οῦς
369 2319 533 2410 ἀγομένους
561 2318 697 2388 ἕλκουσιν
724 2321 750 2387 οὸ
773 2321 937 2412 ἐφεστῶτες
964 2319 1016 2394 ἕως
1043 2320 1166 2398 πλησίον
1192 2324 1243 2397 τῆς

126 2432 245 2523 γεέννης.
267 2435 292 2502 οἱ
309 2434 407 2523 ἔγγιον
426 2428 500 2507 ὁντες
523 2431 650 2523 τοῦμὲν
668 2435 814 2524 βρασμοῦ
838 2433 1036 2510 ἀδιαλείπτως
1061 2428 1242 2504 ἐπακούουσι

126 2546 179 2618 καὶ
203 2549 255 2617 τοῦ
277 2551 326 2626 τῆς
352 2548 455 2638 θέρμης
481 2551 583 2639 ἀτμοῦ
608 2551 662 2618 οὐκ
681 2553 858 2640 ἀμοιροῦσιν,
883 2551 975 2627 αὐτῆς
992 2547 1025 2618 δὲ
1044 2551 1095 2629 τῆς
1114 2547 1242 2639 ἐγγίονος

126 2658 224 2754 ὁψεως
234 2662 282 2741 τάν
294 2665 428 2755 φοβεράν
438 2661 489 2733 καὶ
498 2660 750 2754 ὑπερβαλλόντως
764 2660 869 2756 ξανθὴν
884 2663 950 2735 θέαν
964 2667 1017 2734 τοῦ
1027 2663 1117 2753 πυρδς
1127 2668 1279 2754 ὁρῦντεςῖὁ),

125 2774 378 2869 καταπεπόγασι,
396 2779 432 2874 τῇ
451 2779 610 2871 προσδοκία
628 2780 680 2857 τῦς
703 2777 879 2871 μελλούσης
902 2779 1020 2871 κρίσεως
1043 2774 1096 2858 ὁδη
1116 2778 1242 2868 δινάμιι

125 2890 335 2984 κολαζόμενοι,
362 2893 452 2964 ἀλλά
470 2893 521 2964 καὶ
541 2891 619 2963 οῦτοι
636 2891 683 2964 τὸν
702 2895 757 2964 σῦν
776 2893 907 2985 πατέρων
926 2890 1017 2984 χορὸν
1042 2890 1095 2964 καὸ
1113 2894 1180 2967 τοῦς
1198 2893 1242 2963 δι-

124 3007 226 3086 καίους
244 3011 337 3099 ὁρῦσι,
356 3005 409 3078 καὸ
428 3010 474 3078 ἔπ’
498 3010 581 3100 αὐτῷ
599 3007 694 3100 τούτῳ
714 3009 920 3100 κολαζόμενοι.
940 3006 1058 3098 “χαὀς”
1078 3004 1139 3099 γάρ
1158 3006 1242 3090 βαθιδ
1258 3066 1262 3071 .

124 3123 177 3195 καδ
200 3124 317 3214 “μέγα”
340 3124 400 3194 ἀνά
422 3122 513 3214 μέσον
536 3125 749 3215 “ε’στη’ρικται,”
769 3125 844 3195 ἶόστε
872 3123 950 3216 μότε
972 3123 1086 3194 δίκαιον
1112 3151 1240 3212 συμπα-

124 3235 255 3317 θύσαντα
277 3239 499 3331 προσδέξασθαι
522 3235 600 3327 μότε
625 3233 724 3310 ἀδικον
744 3236 943 3330 τολμιίσαντα
968 3239 1097 3309 διελθεὸν.
1124 3235 1206 3314 οῦτος
1225 3242 1277 3317 ὁῖξ

124 3351 188 3442 περὶ
209 3353 284 3442 ᾅδου
304 3352 404 3441 λόγος,
425 3354 452 3420 ἒν
473 3349 497 3442 ᾧ
517 3353 550 3421 αὸ
563 3351 676 3442 umal
696 3352 811 3424 πάντων
830 3353 1013 3439 κατέχονται
1032 3348 1109 3443 ἀχρι
1127 3355 1246 3442 καιροῦἸ

122 3460 154 3537 δν
175 3473 188 3536 ὁ
211 3465 270 3541 θεὸς
289 3466 402 3557 ὁὸρισεν,
429 3460 594 3536 ἀνάστασιν
616 3462 681 3536 τότε
706 3467 822 3537 πάντων
840 3464 1044 3555 ποιησόμενος,
1070 3468 1102 3535 οῦ
1122 3464 1240 3557 ψυχάς

198 3606 215 3656 3
230 3601 287 3668 ἀγγ.
303 3622 354 3658 om.
367 3605 401 3657 D.
423 3599 434 3656 11
456 3594 475 3654 lb
488 3596 617 3671 ὲφεστόπων
628 3602 653 3657 b.
671 3599 681 3656 ΙΙ
700 3601 715 3659 7
729 3596 752 3658 ἀ.
767 3599 859 3670 θεωρίας
871 3604 905 3656 D·
923 3598 934 3655 11
955 3605 970 3656 8
985 3596 1097 3672 ὁρωμένων
1114 3621 1164 3658 om.
1177 3596 1235 3658 Η.11

126 3699 141 3748 8
155 3693 268 3756 βελτίονα
281 3697 314 3749 D.
331 3688 342 3748 ΙΙ
357 3697 376 3752 9
392 3691 428 3759 ὁγ,
442 3689 468 3746 οῦ
481 3691 491 3744 ὁ
506 3696 541 3748 D.
554 3688 565 3748 ΙΙ
584 3697 618 3746 10
631 3712 657 3745 τε
670 3712 719 3749 om.
728 3697 762 3749 D.
781 3688 791 3748 ΙΙ
812 3696 845 3746 13
856 3693 887 3749 εἰς
900 3712 950 3748 om.
960 3693 1010 3760 Hb,
1019 3694 1104 3766 suppl.
1118 3695 1151 3760 Η,
1159 3693 1239 3748 habet

123 3789 158 3840 D.
178 3784 189 3839 ΙΙ
209 3791 240 3840 15
255 3787 315 3851 ἐπιγ.
328 3789 363 3853 D,
376 3787 531 3841 ἐπιτελοῦντες
544 3785 569 3852 b,
582 3794 702 3838 neutrum
715 3786 748 3840 H
765 3779 776 3838 ΙΙ
798 3781 834 3838 16
847 3781 987 3854 bublum
1000 3786 1032 3840 Η.
1051 3780 1061 3839 ΙΙ
1083 3782 1116 3840 17
1129 3780 1166 3840 οῦς
1178 3782 1236 3849 ἀγο-

122 3880 201 3948 μένους
213 3877 265 3944 Db,
283 3873 325 3934 ’ἀς
337 3877 453 3947 ἀγομένας
466 3879 498 3932 H.
516 3873 526 3931 ΙΙ
545 3879 579 3929 18
594 3877 690 3941 1γγίονις
701 3878 735 3931 Ι).
751 3873 761 3931 ΙΙ
781 3880 813 3929 18
826 3871 969 3928 ὑπακούουσι
983 3876 1033 3932 Hb.
1050 3870 1061 3930 ΙΙ
1081 3877 1117 3927 20
1130 3873 1171 3927 καὶ
1184 3869 1235 3930 dol.

123 3972 230 4024 Bunsen
242 3989 272 4016 =
283 3970 314 4025 B.
337 3965 347 4023 ΙΙ
371 3972 406 4023 20
419 3965 442 4042 ξ
456 3987 490 4023 ex
502 3971 535 4023 D.
554 3964 565 4021 11
588 3970 621 4019 21
637 3961 841 4033 καταπεπλῆγασι
856 3970 889 4022 Ι).
913 3962 924 4020 ΙΙ
947 3969 979 4019 21
999 3965 1042 4018 διν.
1057 3984 1107 4019 om.
1119 3968 1154 4020 D.
1171 3960 1182 4020 11
1199 3942 1235 4037 22

123 4057 184 4113 οῦτοι
196 4063 230 4125 D,
243 4054 268 4111 οῦ
281 4061 333 4127 Hb,
346 4056 369 4111 οὸ
378 4063 409 4116 Β.
426 4056 437 4114 11
454 4062 489 4111 22
501 4060 606 4128 πατέρων
618 4059 669 4126 Hb,
686 4058 778 4112 δικαίων
788 4061 822 4114 D.
839 4055 850 4112 11
867 4060 902 4109 22
914 4054 984 4126 χορὸν
994 4056 1144 4122 Fabricius,
1162 4043 1238 4127 κύρόι
1268 4110 1271 4114 Α

123 4155 157 4218 D,
169 4146 246 4222 χωρὸι
258 4151 309 4206 Hb.
322 4146 342 4218 ,ΙΙ
365 4143 401 4204 211
419 4145 480 4204 ὥστε
493 4151 544 4218 Hb,
557 4146 587 4208 ὦς
599 4153 633 4205 D.
657 4145 667 4206 ΙΙ
690 4144 725 4204 21
742 4143 803 4220 μότε
814 4152 849 4218 D,
860 4145 894 4218 μὸ
908 4148 957 4202 Hb.
975 4143 986 4201 11
1002 4144 1039 4201 26
1051 4148 1077 4200 αἱ
1089 4167 1140 4204 om.
1153 4147 1203 4205 Hb.
1221 4136 1232 4209 ὁ
1289 4205 1295 4208 ,

124 4239 161 4297 26
171 4245 244 4316 μέχρι
256 4246 290 4299 D.
