2962 4964
1210 372 1276 441 127

166 554 249 619 tium
272 551 380 620 fldem.
405 551 495 641 quod
523 554 586 619 cibi
617 552 822 621 delectabiles
852 553 1052 632 offeruntur,
1075 553 1183 619 hostia
1204 553 1302 640 pla-1

167 689 242 734 cens
267 669 339 746 deo,
363 669 451 735 salus
476 682 525 734 cst
547 682 768 757 peccatorum.
791 682 868 758 post
891 690 983 734 esum
1008 672 1155 755 sequitur
1177 667 1276 734 bene·

167 781 277 861 dictio,
301 797 334 849 et
357 787 426 850 cius
451 783 552 849 odore
573 782 771 873 perfruitur,
793 785 950 848 virtutem
973 786 1219 848 resurrectionis
1244 796 1278 848 et

165 902 257 985 regni
274 911 387 988 aperta
403 920 482 963 voce
499 899 726 986 pronuntians,
744 897 912 986 quomodo
930 901 1028 963 etiam
1047 898 1185 963 adorent
1201 920 1276 963 eum

166 1011 285 1079 fratres
314 1017 364 1078 sui
397 1027 430 1078 ct
457 1015 602 1078 serviant
624 1014 653 1077 ei
680 1012 847 1078 credentes
874 1036 914 1079 ex
935 1012 1044 1078 lsrael.
1074 1015 1150 1100 quia
1178 1014 1304 1098 igitur⁵

167 1130 321 1213 iniquitas
345 1141 396 1192 cst
417 1130 547 1191 inimica
570 1129 721 1204 iustitiae,
744 1128 834 1193 Esau
856 1130 889 1192 in
914 1125 1108 1192 discordiam
1133 1130 1277 1190 concita-

167 1253 223 1307 tur
246 1255 279 1307 et
301 1264 414 1307 necem
437 1241 663 1307 fraudulenter
686 1245 863 1329 excogitat,
892 1242 1001 1309 dicens
1029 1246 1063 1306 iu
1093 1241 1190 1306 corde
1215 1264 1275 1306 suo

166 1360 430 1446 „appropinquat
453 1357 521 1422 dies
543 1358 705 1445 passionis
727 1361 830 1446 patris
853 1360 927 1434 mei,
951 1371 990 1422 ut
1011 1356 1203 1422 interficiam
1226 1355 1278 1420 Ia·

167 1471 228 1536 cob
245 1471 381 1537 fratrem
398 1480 537 1537 meum.“
552 1469 702 1536 diabolus
718 1470 900 1536 fratricidas
907 1470 1045 1535 ludaeos
1061 1473 1095 1535 in
1103 1469 1184 1535 Cain
1201 1483 1276 1534 ante

167 1586 420 1674 praemeditans,
430 1589 464 1650 in
474 1587 565 1651 Esau
578 1585 841 1651 manifestIssime
853 1584 1035 1661 confitetur,
1046 1598 1177 1672 tempus
1191 1606 1275 1670 quo·
1287 1595 1314 1640 ¹0

168 1722 232 1786 quc
255 1699 491 1765 interfectionis
514 1698 699 1765 ostendens.
722 1704 1036 1789 „appropinqueut,“
1057 1703 1173 1787 inquit,
1188 1698 1276 1776 „dies

166 1817 327 1903 passionis
349 1818 452 1903 patris
476 1818 556 1892 mei,
584 1828 622 1879 ut
646 1814 839 1880 interficiam
858 1813 956 1879 Iacob
981 1813 1118 1879 fratrem
1137 1818 1277 1877 meum.“

168 1944 371 2019 quapropter
390 1930 547 2007 Rebecca,
567 1928 602 1994 id
621 1943 671 1995 est
690 1932 862 2018 patientia,
889 1931 1053 1993 nuntiavit
1073 1930 1144 1993 viro
1165 1927 1276 2018 fratris

167 2043 311 2120 iusidias,
333 2045 389 2131 qui
408 2057 528 2109 vocato
550 2043 665 2118 Iacob,
683 2045 850 2133 praecepit
868 2045 914 2120 ei,
944 2057 982 2107 ut
1004 2043 1277 2130 Mesopotamiam

167 2170 333 2247 pergeret,
353 2172 386 2222 et
409 2157 486 2223 inde
512 2162 673 2247 acciperet
697 2181 835 2223 uxorem
863 2157 903 2223 de
927 2180 1043 2244 genere
1063 2157 1176 2222 Laban
1202 2156 1278 2246 Syri
1289 2170 1315 2218 15

168 2270 279 2336 fratris
300 2275 414 2336 matris
436 2293 525 2337 suae.
551 2270 719 2360 quomodo
746 2274 858 2357 itaque
882 2271 992 2336 fratris
1022 2271 1115 2336 dolos
1140 2270 1277 2358 fugiens,

168 2385 437 2474 Mesopotamiam
459 2383 564 2451 tendit
587 2384 699 2461 Iacob,
720 2387 767 2449 ita
786 2399 819 2450 et
840 2384 988 2449 Christus
1008 2384 1205 2449 ludaeorum
1227 2387 1277 2447 in·

170 2499 360 2567 credulitate
386 2499 574 2588 compulsus
604 2498 823 2589 proficiscitur
848 2502 882 2563 in
905 2498 1100 2576 Galilacam,
1121 2498 1197 2564 iude
1217 2497 1277 2564 sibi

171 2615 381 2702 exgentibus
406 2637 562 2703 sponsam
593 2628 786 2703 sumpturus
812 2613 990 2680 ecclesiam.
1268 2609 1275 2621 ’

257 2730 338 2795 baec
364 2727 572 2818 supradictus
592 2731 651 2794 vir.
1287 2746 1314 2791 to

316 2893 494 2965 Hieronymus
513 2893 548 2946 ad
565 2896 717 2947 Damasum.
741 2891 803 2946 edit.
825 2892 948 2964 princeps
972 2892 1033 2946 anni
1057 2883 1128 2950 1498
1150 2891 1232 2963 partis
1254 2893 1278 2944 11

243 2993 316 3038 tract.
328 2985 341 3037 I
355 2993 454 3056 quaest.
468 2986 512 3040 ΙΙΙ.

660 3174 673 3207 -2
695 3155 749 3220 24.

254 3265 436 3339 Ἱππολύτου
466 3268 626 3338 ἔπιοκύπου
649 3267 777 3357 Ῥώμης.
820 3263 889 3337 Ἐπὶ
907 3264 967 3357 *sulp
992 3268 1034 3358 τῷ
1053 3266 1225 3357 πρωτοτὸκῳ
1246 3265 1278 3359 ἐξ

168 3383 323 3471 Αἰγύπτου
344 3386 416 3472 batt?
436 3382 538 3459 mabill
557 3380 662 3468 ἰσχύος
684 3382 817 3474 ἐπίδειξις
843 3380 946 3471 γέγονε
964 3381 1050 3469 πυροὶ
1074 3383 1147 3449 θεοῦ·
1168 3378 1315 3451 incid-2⁵

169 3499 233 3586 ζετο
251 3494 310 3585 γύρ
327 3497 410 3566 nard
427 3498 582 3568 πλείστους
600 3494 723 3581 τρύπους
742 3499 796 3563 τῶν
813 3493 980 3583 Αἰγυπτίων
999 3496 1127 3582 ἡχύροο.
1148 3499 1182 3565 “c‘
1200 3498 1277 3581 πρῶ-

169 3639 217 3685 τος
234 3610 323 3685 bod?
346 3613 404 3680 tin
419 3613 574 3701 περιτομῆς
590 3610 701 3698 “lexeis
719 3639 782 3696 μου
794 3606 847 3678 acl
867 3604 950 3699 dmi
961 3607 1062 3677 slavor
1076 3610 1160 3696 μου,”
1182 3608 1279 3682 nadair

169 3727 320 3814 ὑπίσχετο
343 3732 356 3796 d
378 3725 437 3800 θοός
459 3727 501 3817 τῷ
522 3722 671 3815 Ἀθροοὶμ
696 3720 743 3801 τὴν
771 3723 959 3813 ἒπογγελύοον
984 3721 1036 3794 nal
1059 3725 1102 3815 τῷ
1128 3723 1277 3815 τπέρμοιτι

170 3843 273 3912 αὐτοῦ.
295 3842 439 3932 ““οκληρδς
457 3839 489 3910 dl
512 3841 674 3932 ‹be‘perdcrss’
697 3837 794 3918 insidii
811 3837 1048 3930 πορετκλπρύνθη
1070 3845 1083 3909 ὅ
1108 3842 1184 3914 >cade
1209 3836 1278 3930 nplt

168 3956 218 4035 adv
233 3952 366 4033 ὑποκοῆυ
380 3959 433 4026 τού
448 3957 521 4026 θεοῦ.
538 3953 609 4026 “nal
623 3951 749 4046 rubnpds
764 3953 918 4037 adfcc'dns,”
938 3953 982 4025 du
1002 3957 1035 4023 ού
1049 3953 1137 4043 μένον
1151 3950 1277 4043 τκληρδς
1287 3970 1315 4017 3⁰

245 4151 261 4201 8
275 4147 370 4202 Goncs.
385 4141 482 4214 unit.
499 4143 510 4200 ll
527 4138 563 4199 tl
577 4147 643 4202 Gon.
655 4138 700 4214 l9,
713 4149 739 4201 3.
752 4139 777 4202 t„

177 4328 180 4333 ·
243 4304 280 4363 fd
292 4307 401 4366 irrotat.
412 4304 490 4380 Ῥύμ.
504 4320 555 4366 om.
565 4311 598 4364 N.
615 4306 627 4364 ΙΙ
643 4299 679 4363 fd
689 4305 749 4361 'Eat
763 4337 795 4350 -
810 4302 847 4361 26
857 4301 927 4378 χύροι
939 4323 990 4363 cm.
1002 4309 1035 4362 N.
