2962 4964
1228 310 1272 379 95

163 495 255 584 ἔργοις
275 494 369 563 αὐτοῦ
394 494 420 561 οἱ
443 486 592 581 ἀνδρωποι.
620 486 662 559 διδ
688 486 742 559 καί
768 486 909 580 ἀφανίσει
934 487 1043 562 αδτοδς
1068 485 1120 558 καί
1147 486 1297 559 δουλεύ-1

164 634 264 677 σουσιν
289 606 376 676 αὐτδν
398 609 425 675 ἐν
447 609 482 702 τῇ
504 605 675 695 ἀκαθαρσία
699 604 802 672 αὐτοῦ.
835 602 866 671 5.
885 603 940 693 δρα
963 602 1141 693 συμφωνίαν
1157 601 1274 695 προφή-

163 751 214 791 του
239 720 308 811 πρδς
340 720 499 811 προφήτην.
532 718 614 806 μάδε
647 716 698 787 καί
733 716 823 808 ἕτερον
854 716 896 787 πά
925 716 1017 804 δμοια
1055 715 1274 806 διαλεγίμενον.

160 833 264 924 Ἀμοδς
288 835 349 925 γάρ
368 833 409 904 τά
434 833 515 903 αύτά
540 831 710 923 συμφώνως
730 828 939 922 προεφήτευσε,
965 829 1056 900 “τα’δε
1079 829 1162 921 λέγει
1180 829 1275 922 κιίριος

164 952 226 1021 Διά
253 954 336 1018 τοῦτο
364 950 426 1018 ἀνθ’
456 947 492 1016 ὧν
516 947 782 1018 κατεκονδυλίσατε
807 945 930 1032 πτωχδν
961 943 1013 1015 καί
1038 945 1117 1036 δῶρα
1147 947 1300 1015 ε’κλεκτάσ

166 1065 304 1158 ἐδέξασθε
325 1066 391 1151 παρ’
419 1063 526 1142 αὐτοῦ,
556 1063 648 1135 οίκους
676 1059 887 1151 ᾠκοδομήσατο
922 1057 974 1129 καί
1006 1065 1038 1129 οὐ
1066 1057 1112 1149 μή
1137 1059 1276 1137 κατοική·

168 1208 236 1253 οητε
263 1179 289 1244 ἓν
316 1181 428 1258 αὐτοῖς,
460 1178 644 1258 ἀμπελῶνας
670 1177 861 1262 ε’πιθυμητοδς
887 1170 1074 1264 ε’φυτειίσατε
1099 1173 1152 1243 καί
1179 1180 1210 1243 οὐ
1231 1174 1277 1262 μή

167 1293 248 1368 πίητε
266 1289 312 1359 τδν
332 1291 399 1360 οἶνον
427 1293 532 1371 αὐτῶν,
550 1292 594 1360 δτι
621 1293 708 1380 ἔγνων
731 1286 853 1365 πολλάς
871 1289 1019 1370 ἀσεβείας,
1036 1294 1275 1365 καταπατοῦντες

166 1404 214 1475 τδν
234 1406 351 1486 δίκαιον,
372 1404 579 1491 λαμβάνοντες
599 1401 815 1491 ἀντήλλαγμα
836 1402 888 1473 καί
906 1403 1030 1481 πένητας
1049 1407 1076 1472 ἔν
1095 1406 1208 1480 πιίλαις
1229 1408 1277 1474 ε’κ-

167 1520 316 1592 κλίναντες.
339 1515 389 1589 διά
408 1522 492 1589 τοῦτο
519 1525 531 1590 δ
553 1517 653 1591 συνιοδν
680 1519 770 1607 ἓντῷ
792 1520 886 1608 καιρῷ
910 1517 1004 1606 ε’κείνορ
1029 1517 1215 1599 σιωπήσεται,
1233 1520 1277 1588 δτι
1290 1537 1316 1584 ιν

169 1636 267 1724 καιρδς
290 1633 406 1722 πονηρίς
425 1637 509 1703 ἒστι.”
528 1630 624 1722 μάθε,
646 1631 799 1721 ἀγαπητέ,
826 1636 881 1699 τῶν
899 1627 963 1700 τίτε
984 1629 1136 1722 ἀνθρώπων
1155 1631 1204 1709 τήν
1223 1664 1278 1702 πο·

169 1750 278 1840 νηρίαν,
313 1751 375 1820 πῶς
410 1747 767 1850 καθαρπαζουσινόἷκίας
796 1746 847 1815 καὶ
869 1744 991 1838 ἀγροιίς,
1022 1745 1074 1815 καί
1103 1746 1136 1815 τδ
1164 1746 1278 1818 δίκαιον

169 1868 222 1934 τοῦ
243 1861 355 1932 δικαίου
379 1863 509 1952 αἴροντες.
529 1865 600 1932 ’ὅταν
620 1859 680 1951 γάρ
700 1863 801 1930 ταῦτα
820 1861 954 1949 γένηται,
976 1859 1022 1930 ἵνα
1043 1861 1115 1957 εἰδῇς
1133 1861 1175 1931 ’ὅτι
1196 1861 1280 1936 τέλος

171 1978 238 2046 ε’στί.
266 1976 309 2046 διδ
337 1979 424 2066 ἔγνως
448 1978 497 2054 τήν
522 1977 632 2068 σοφίαν
662 1979 715 2044 τοῦ
739 1974 892 2066 προφήτου
919 1976 971 2046 καί
999 1975 1048 2054 τήν
1079 1975 1279 2069 ἀποκοίλυφιν

169 2092 218 2169 τήν
242 2091 421 2179 μέλλουσαν
446 2091 563 2160 ἔσεσθαι
596 2092 712 2163 ἕνταῒς
736 2089 859 2178 ήμέραις
885 2089 1010 2163 ἐκείναις.
1043 2088 1095 2160 καὶ
1125 2090 1231 2165 ποίντες
1256 2093 1281 2160 οἱ
1290 2107 1317 2156 15

170 2209 330 2294 προφήται,
351 2212 388 2277 ὠς
407 2200 588 2295 προείπομεν,
608 2209 647 2276 ως
661 2204 701 2273 τά
717 2207 839 2291 ἀρχαῖα
858 2203 1041 2295 ε’νεφοίνισαν,
1061 2206 1150 2279 οὕτως
1170 2205 1221 2275 καί
1240 2206 1282 2275 τά

172 2323 199 2388 ἔν
219 2327 277 2393 τοῒς
301 2321 428 2407 ὑστέροις
453 2325 562 2407 καιροῒς
585 2319 758 2406 γενήσεσθαι
783 2315 939 2403 μέλλοντα
965 2318 1141 2406 διαπρυσίως
1168 2318 1281 2387 ἐθέσπι-

171 2463 237 2503 σαν.
283 2434 313 2500 6.
338 2436 411 2501 ἀλλ’
437 2432 483 2500 ίνα
509 2432 554 2518 μή
575 2431 622 2500 τδν
646 2432 736 2518 λίγον
756 2429 879 2500 ἅπαντα
903 2438 963 2518 τοῖς
981 2433 1035 2500 τῶν
1055 2437 1210 2522 προφητῶν
1231 2428 1281 2525 ρή-

171 2577 265 2634 μασιν
286 2545 497 2633 ἀναλώσωμεν,
517 2545 574 2620 ἕνδς
592 2546 770 2632 μνησθέντες,
793 2543 839 2613 ε’πὶ
859 2543 893 2613 τδ
913 2545 1095 2635 προκείμενον
1116 2547 1280 2617 ἐπανέλθω·

172 2693 236 2753 μεν.
256 2664 287 2730 τί
302 2662 333 2730 δὲ
351 2660 403 2731 καί
420 2663 562 2747 Μιχαίας
582 2654 783 2749 προαγορεύω
809 2658 901 2729 “πα’δε
925 2659 1007 2748 λέγει
1033 2661 1128 2752 κιίριος
1149 2660 1194 2730 ε’πδ
1214 2661 1320 2734 τοδςςο

173 2777 329 2866 προφήτας
349 2773 416 2848 ποιδς
434 2776 610 2848 πλανοῗντας
631 2775 678 2844 τδν
699 2772 775 2843 λαίν
801 2803 877 2862 μου,
907 2772 974 2849 τοιδς
998 2775 1190 2848 δακνοντας’
1176 2807 1203 2844 εν
1224 2785 1282 2848 τοις

173 2893 285 2961 ὀδοῦσιν
305 2895 399 2959 αὐτῶν
419 2889 471 2957 καί
490 2889 686 2979 κηρύσσοντας
705 2891 746 2957 ἐπ’
771 2887 858 2959 αὐτδν
879 2888 991 2976 εἰρήνην·
1015 2888 1066 2958 καὶ
1085 2893 1112 2979 εί
1129 2893 1182 2959 οὐκ
1201 2888 1249 2959 ε’

173 3009 210 3078 εἷς
229 3004 261 3075 τδ
281 3002 382 3094 στίμα
402 3007 512 3083 αὐτῶν,
538 3005 668 3093 ήγίασαν
694 3006 735 3071 ἐπ’
765 2999 853 3071 αύτδν
880 3003 1022 3091 πόλεμον.
1051 3000 1102 3073 διά
1127 3009 1210 3072 τοῦτο
1231 3003 1282 3096 νδξ

172 3127 244 3207 ὑμῒν
264 3119 346 3189 ἔσται
367 3117 399 3211 ἐξ
422 3117 546 3209 δράσεως
564 3116 616 3187 καί
635 3131 738 3186 σκοτία
753 3122 824 3205 ὑμῖν
843 3117 926 3186 ἔσται
946 3119 979 3184 ἐκ
997 3119 1140 3205 μαντείας
1157 3116 1208 3187 καί
1231 3118 1284 3187 δι’·

175 3265 258 3303 σεται
287 3240 299 3304 δ
325 3235 407 3310 ήλιος
435 3232 481 3301 ἐπὶ
503 3230 570 3305 τοιδς
596 3230 753 3321 προφήτας
776 3230 827 3299 καί
853 3229 1032 3300 συσκοτοίσει
1063 3233 1104 3301 ἐπ’
1133 3232 1242 3305 αύτοιδς
1263 3239 1320 3310 ήςς

174 3349 279 3434 ήμέρα,
300 3347 351 3414 καί
372 3338 681 3429 καταισχυνθήσονται
703 3347 729 3413 οἲ
747 3349 861 3433 δρῶντες
882 3345 922 3415 τά
943 3345 1060 3413 ε’νιίπνια
1080 3344 1132 3414 καί
1148 3374 1283 3433 καταγε-

176 3458 375 3534 λασδήσσνται
397 3460 422 3526 οἷ
449 3456 592 3544 μιίντεις.”
639 3462 738 3527 ταῦτα
760 3458 1017 3547 προΐστορήσαμεν,
1048 3457 1094 3526 ἵνα
1118 3464 1209 3548 γνῶτε
1234 3461 1284 3536 τήν

251 3620 269 3676 l!
283 3630 363 3678 Amos
374 3626 399 3689 5,
415 3627 528 3677 11-13.
546 3620 556 3675 ΙΙ
572 3626 607 3674 20
621 3623 701 3677 Mich.
715 3626 739 3688 3,
753 3626 769 3675 5
778 3653 809 3663 -
820 3625 843 3678 7.

253 3775 266 3823 1
282 3770 404 3839 ἐμφανίσω
416 3769 468 3823 1)ΐῖ
489 3764 499 3822 ΙΙ
524 3770 541 3822 5
555 3786 638 3819 κατεκ.
652 3768 796 3834 Fabricius,
809 3767 1030 3833 κατηγκονδνλίσετι
1042 3771 1071 3825 P.
1094 3766 1104 3822 ΙΙ
1121 3766 1139 3823 6
1151 3766 1225 3826 οίκονς
1237 3767 1283 3839 γάρ

179 3861 222 3932 ᾠκ.
234 3864 264 3927 Ρ,
276 3861 402 3915 Μοιείὶιιε
421 3871 449 3913 ut
465 3879 520 3914 noe.
539 3855 549 3911 ΙΙ
572 3863 587 3912 8
602 3857 656 3924 ἔγνω
669 3861 696 3913 P.
715 3857 725 3912 ίΙ
748 3862 763 3912 8
778 3877 870 3911 καταπ.
882 3862 911 3924 Ρ,
923 3856 987 3928 ὑμῶν
998 3856 1194 3913 καταπατοήντων
1205 3863 1228 3916 b.
1239 3858 1249 3914 ΙΙ
1266 3863 1285 3919 9

178 3948 374 4020 ἀνταλλάγμοιτα
385 3951 411 4005 b.
426 3948 436 4004 11
455 3954 495 4003 12.
512 3954 545 4002 13
559 3951 603 4002 δικ.
617 3952 644 4001 bt
656 3952 697 4001 τοῦ
708 3949 752 4002 δικ.
765 3951 788 4004 b.
807 3948 817 4003 ΙΙ
837 3943 870 4002 11
884 3949 915 4002 διδ
930 3969 981 4006 om.
993 3951 1016 4004 b.
1034 3948 1045 4005 ΙΙ
1063 3949 1098 4004 16
1109 3954 1215 4020 προεῖπον
1226 3952 1250 4006 b.
1270 3949 1281 4004 ΙΙ

181 4040 215 4097 16
229 4040 364 4112 ὲιεφάιησαν
375 4044 406 4099 P.
420 4040 431 4095 ΙΙ
451 4042 484 4098 17
497 4043 639 4113 διατυρσίως
652 4040 674 4097 b.
688 4037 699 4094 ΙΙ
718 4045 750 4094 18
764 4038 808 4093 ἀπ.
889 4035 942 4110 ῥήμ.
955 4042 980 4105 b,
998 4037 1103 4094 ἀπήντων
1115 4047 1158 4094 τῶν
1165 4045 1287 4110 προφητῶν

177 4137 226 4191 τιῒς
237 4131 291 4204 ῥήμ.
304 4137 333 4191 P.
343 4133 353 4187 Ιί
371 4138 406 4187 22
420 4135 439 4185 εἰ
454 4153 504 4188 om.
518 4134 541 4187 b.
552 4131 562 4187 11
578 4135 613 4185 23
626 4129 724 4196 ήγίασαι
736 4132 820 4186 edidit
831 4134 860 4198 Ρ,
873 4124 963 4200 ήηειραι
976 4134 1109 4200 ΜοτοΙίιιε,
1120 4127 1219 4200 ήγγισαν
1230 4135 1254 4190 b.
1271 4131 1282 4188 ίΙ

177 4227 215 4279 23
229 4225 263 4280 ἐπ’
279 4225 353 4281 αὐτήν
364 4226 388 4281 b.
406 4224 417 4278 ΙΙ
439 4217 475 4278 21
487 4221 553 4294 ὂράσ.
565 4226 595 4290 Ρ,
608 4218 742 4293 ἀγοράσεως
754 4223 778 4276 b.
795 4219 806 4273 11
828 4225 863 4276 25
878 4222 918 4274 καὶ
931 4219 1043 4276 σκοτιίσιι
1055 4225 1079 4280 b.
