2962 4964
1238 310 1271 353 ¹1

169 466 281 549 μᾶλλον
294 458 359 536 τεοῖς
372 460 502 548 δαίμονας
515 460 671 534 ἐπίστασαι,
688 461 775 534 οἵτινες
789 457 836 538 τῆν
849 458 960 544 καρδίαν
975 488 1025 525 σου
1040 459 1125 545 θυμδν
1138 457 1271 540 λυσσοίδη
1283 475 1292 520 1

167 568 335 653 ἐπλήρωσαν.
358 571 430 666 αὐτῆ
449 569 479 633 δὲ
499 575 535 665 τῆ
555 562 614 655 οῖριρ
632 564 761 652 τ’ργισθεῖς
776 570 788 630 θ
803 564 956 654 παροίνομος
968 565 1116 654 Ῥωίμυλος
1130 570 1273 632 ἐκέλευσεν

63 748 66 752 ⁸
165 680 220 749 τοῖς
238 679 381 761 ὑπηρέταις
402 677 490 739 αὐτοῦ
509 679 567 748 ταῖς
588 675 763 759 μολυβδίναις
784 672 908 759 σφαίρας
928 671 1076 739 τοίπτεσθαι
1094 675 1193 755 αιίτῆν,
1215 669 1272 754 ῆτις

166 781 238 848 πολνδ
253 786 419 862 τυπτηθεῖσα
440 789 550 868 μᾶλλον
570 786 777 865 ἐνεδυναμοῦτο.
800 785 931 844 ἐκέλευσε
951 782 980 845 δέ
995 781 1074 846 πτίλον
1093 782 1161 847 λίθον
1180 784 1272 867 μέγαν

78 963 80 967 ¹
159 893 347 974 -δεσμευθῆναι
360 888 435 952 κατδ
449 888 652 973 τοῦτραχηλου
667 891 752 966 αὐτῆς
770 885 817 951 καί
832 881 917 962 οίίτως
931 893 1116 973 κρεμασθῆναι
1130 895 1156 953 ἐν
1175 897 1208 985 τῆ
1223 892 1295 953 θοι-5

167 994 271 1093 λα’σση,
286 991 389 1072 ἧστινος
409 995 441 1060 τδ
455 990 530 1075 ἅγιον
545 1003 632 1081 σῶμα
646 1000 779 1079 περιῆλθεν
793 996 844 1070 ἕως
859 1002 908 1059 τοῦ
920 977 1058 1074 αἰγιαλοῦ,
1072 990 1088 1058 ί
1088 1023 1134 1080 περ
1147 998 1160 1059 ἐ
1175 1023 1272 1080 μακα·

101 1103 104 1108 ’
166 1101 295 1187 ρ’ωίτατος
308 1100 387 1176 Νίνος
407 1106 419 1166 θ
435 1101 481 1167 καί
494 1101 707 1188 μετονομασθείς
719 1100 877 1176 Ἱππίλυτος
899 1101 1051 1180 συνήγαγεν
1065 1099 1111 1166 καί
1126 1110 1205 1166 τοῦτο
1219 1130 1273 1167 κα-

165 1213 287 1289 τέθοιψεν
300 1217 327 1272 ἐν
341 1216 382 1294 τῷ
396 1209 452 1294 ῖδίιρ
466 1213 552 1288 αὐτῆς
567 1208 672 1295 χωρίῳ,
688 1211 747 1273 ένθα
761 1208 808 1273 καῖ
822 1207 950 1295 κατηίκει,
965 1214 1018 1296 ἔξω
1034 1216 1087 1273 τοῖιν
1100 1216 1210 1293 τειχέων
1225 1216 1272 1289 τῆς

162 1314 319 1392 Ὀστησίας
331 1314 435 1390 πίλεως
449 1323 484 1395 τῆ
498 1317 545 1401 πρδ
559 1321 632 1380 ἐννέα
647 1319 799 1381 Καλανδῶν
811 1319 1020 1402 Σεπτεμβρίων.
1048 1314 1110 1383 τιν’τε
1126 1313 1169 1380 οὖν
1189 1321 1202 1382 θ
1217 1346 1271 1383 πα-

165 1421 281 1509 ροίνομνς
294 1419 412 1507 βικοίριος
426 1420 572 1508 ἐκροίτησεν
586 1421 744 1506 Σαβινιανίν
764 1452 822 1487 τινα
836 1423 998 1508 ἐπιμελητῆν
1011 1430 1061 1486 τοῦ
1075 1421 1158 1488 τίπου
1173 1424 1271 1489 ἐκείνου
1283 1425 1310 1471 ¹⁰

166 1528 213 1595 καί
239 1527 338 1618 ῆρξοιτο
365 1534 425 1616 παρ’
455 1532 544 1594 αὐτοῦ
569 1533 700 1609 ἐπιζητεῖν
726 1531 777 1603 τοῖς
805 1528 933 1617 ὑποίρξεις
957 1537 1005 1609 τῆς
1030 1531 1170 1616 μακαρίας
1194 1543 1271 1616 Χρυ-

169 1646 218 1717 τῆς
231 1642 320 1718 λέγων
331 1640 370 1702 Ἡ
390 1635 526 1722 ίερθσυλτς
544 1645 656 1720 Χρυσῆ,
684 1632 739 1717 ῆτις
760 1642 906 1729 ἐξελέξατο
928 1636 972 1701 διδ
986 1644 1033 1715 τῆς
1046 1645 1168 1722 μαγικῆς
1187 1640 1273 1717 αὐτῆς

166 1749 261 1831 τέχνης
274 1753 385 1832 μοῖλλον
398 1745 444 1810 τδν
464 1743 575 1809 θοίνατον
588 1741 653 1830 ῆπερ
668 1743 715 1822 τῆν
728 1744 809 1824 ζωῆν,
824 1743 907 1808 πολοδν
920 1748 1048 1823 ἐκέκτητο
1063 1751 1188 1810 πλοῦτον.
1209 1744 1273 1820 ταῖς

168 1849 212 1919 οὖν
237 1851 386 1938 θηταυροδς
412 1854 498 1931 αὐτῆς
523 1851 569 1917 καῖ
594 1851 631 1917 τοῖ
662 1850 768 1938 κθσμια
793 1853 952 1927 κατενοιίπιον
978 1855 1056 1938 ῆμυῖν
1081 1856 1169 1938 φέρων
1193 1856 1273 1918 θῦσον

159 1965 222 2036 τοῖς
235 1965 299 2036 θεοῖς
312 1959 359 2024 καῖ
378 1963 437 2039 ζῆθι
455 1955 618 2024 ὑποκιίπτων
638 1941 684 2024 καῖ
706 1963 759 2034 τοῖς
779 1956 978 2044 προστοίγμασι
992 1966 1046 2024 τῶν
1059 1956 1273 2045 αὐτοκρατίρων.
1284 1962 1310 2013 ¹⁵

166 2067 325 2151 Σαβινιανδς
340 2067 498 2147 εῖπενἘγοδ
511 2066 626 2132 ποίντοτε
640 2064 878 2154 ταπεινοφροσύνην
891 2063 1031 2150 ἐδιδοίχθην
1044 2065 1119 2153 παροδ
1132 2074 1179 2144 τῆς
1193 2065 1274 2146 οἱγίας

167 2179 294 2260 παρθένου
309 2181 436 2258 Χρυτῆς,
456 2168 511 2252 ῆτις
530 2171 576 2239 καῖ
590 2175 712 2260 ἐδίδαξέν
730 2202 769 2260 με
783 2179 977 2258 καθομολογεῖν
992 2176 1038 2238 ἕνα
1053 2173 1116 2253 θείν,
1132 2170 1174 2239 τδν
1188 2172 1274 2260 κοίριτν

133 2274 135 2279 ,
166 2285 245 2369 ῆμωῖν
256 2280 483 2364 Ἰησοιῖνχριστδν
505 2280 549 2344 τδν
567 2283 723 2360 γεννηθέντα
736 2287 768 2345 ἐκ
783 2280 936 2364 πνεύματος
950 2279 1030 2358 οἱγίου
1044 2279 1090 2344 καί
1103 2281 1213 2364 Μαρίας
1226 2287 1275 2358 τῆς

168 2392 305 2475 παρθένου,
320 2385 377 2451 ἐπεῖ
390 2385 493 2471 χρυσδς
511 2390 573 2471 ῆμῖν
587 2385 632 2449 καί
646 2383 762 2471 οῖργυρτς
781 2384 797 2466 ῆ
810 2388 979 2469 μαργαρῖται
1000 2386 1051 2468 οὐχ
1064 2384 1238 2471 ὑποίρχουσιν.
1259 2388 1274 2451 ἐ

168 2498 198 2563 δέ
226 2497 452 2578 δυσσεβέστατος
474 2491 621 2578 Ῥοίμυλος
646 2495 699 2578 ἔφη
724 2495 804 2579 αὐτῷ
827 2491 977 2577 Σιίνδραμε
1002 2500 1115 2579 σεαυτῷ
1139 2490 1185 2558 καί
1209 2493 1311 2570 rafim

168 2600 343 2687 ἐποκριίφους
372 2600 520 2686 θησαυροδς
554 2604 608 2674 τοῖς
649 2596 858 2685 αὐτοκροίτορσιν
896 2597 995 2674 ἐπίδος
1030 2599 1075 2664 καί
1109 2604 1188 2665 θῦσον
1220 2604 1275 2677 τοῖς

170 2715 244 2785 θεοῖς.
271 2708 431 2792 Σαβινιανδς
462 2710 530 2773 εἶπεν
548 2705 627 2788 Ἐγοῖ
647 2707 700 2792 μέν
721 2711 769 2772 οὐκ
795 2709 850 2793 εἶμι
870 2705 943 2795 ἄξιος
965 2708 1008 2772 ἵνα
1032 2707 1098 2792 ὑπὲρ
1120 2715 1176 2773 τοῖν
1198 2713 1275 2794 ἐμοῖν

169 2817 362 2904 οἱμαρτιοῖντί
386 2843 452 2880 ποτε
476 2814 668 2902 ἐπιτειίξομαι,
695 2818 754 2880 αλλ’
779 2809 870 2880 ῖσονθ
897 2811 984 2899 κοίριές
1002 2842 1059 2900 μου
1079 2812 1125 2879 καί
1144 2815 1200 2890 θεδς
1216 2823 1274 2881 ἐπι-

168 2923 267 3000 νειίσας
280 2924 446 3009 χαρίσασθαι
459 2921 666 3010 καταξιιίσειεν,
689 2916 760 2988 οιίτω
774 2921 904 2988 πιστειίω.
926 2920 969 2986 ἐπὶ
983 2927 1062 2985 τοῦτο
1076 2921 1192 3001 γίνωσκε
1205 2950 1275 3007 χρυ-

170 3034 215 3099 σδν
235 3032 365 3117 ἐπίκαιρον
385 3030 426 3117 μῆ
447 3033 515 3114 ἔχειν
534 3057 574 3115 με
595 3032 666 3118 μηδέ
684 3028 785 3114 βουλῆν
805 3029 837 3093 τδ
855 3027 920 3110 γθνυ
943 3025 1060 3113 κοίμψαι
1079 3032 1133 3104 τοῖς
1147 3028 1311 3106 είδοίλιιςλς

168 3148 263 3205 ταῦτα
276 3137 323 3204 καί
337 3137 375 3203 τδ
389 3136 491 3213 τοοίτοις
508 3132 589 3224 θμοια
603 3141 728 3217 λέγοντος
742 3143 793 3202 τοῦ
804 3137 942 3223 μακαρίου
957 3142 1130 3219 Σαβινιανοιῖ,
1144 3135 1274 3223 θργισθεῖς

169 3251 180 3312 δ
197 3246 350 3332 παροίνομος
362 3243 510 3332 Ῥωίμυλος
528 3248 673 3310 ἐκέλευσεν
689 3249 743 3320 τοῖς
762 3248 905 3329 ὑπηρέταις
925 3247 1027 3323 αὐτοῦ,
1046 3241 1118 3318 θπως
1131 3243 1208 3331 μετοδ
1220 3251 1276 3310 τοῖν

169 3355 340 3442 μολυβδίνων
366 3360 488 3483 σφαιρῶν
508 3351 552 3416 τδν
575 3355 679 3437 αὐχένα
705 3355 794 3417 αὐτοῦ
812 3349 995 3417 συνθλοίσωσι.
1028 3359 1108 3416 τοῦτο
1135 3352 1166 3417 δέ
1188 3350 1274 3417 οίιιοιί-

171 3489 223 3535 σας
240 3489 251 3524 ο
272 3457 484 3590 μακαριρίτατος
503 3456 695 3532 ιιΙππιίλυτος
681 3486 693 3522 ο
714 3457 866 3542 πρεσβιίτερ
869 3487 895 3533 ος
916 3457 1000 3522 ἐλθων
1019 3461 1117 3538 έστη’
1104 3461 1210 3523 ενοίπιον
1223 3488 1273 3524 του

167 3565 319 3652 Ῥωμιίλου
337 3594 384 3630 και
375 3566 577 3651 λαμπρορ
542 3593 574 3661 τη
596 3572 674 3661 φωνῆ
692 3567 759 3628 εῖπεν
766 3561 808 3628 Ω
823 3561 907 3642 οῖθλιε,
929 3591 950 3628 ει
943 3560 1032 3661 ηδεις
1045 3564 1154 3650 χριστδν
1168 3565 1212 3630 τδν
1224 3574 1311 3633 τοῦθ)

171 3674 285 3741 θεου
245 3703 308 3751 υων,
324 3675 373 3736 οὐκ
389 3667 420 3735 ἐν
434 3666 520 3745 οιῖτως
540 3663 709 3754 ἐβασοίνισας
728 3669 791 3747 τοιδς
806 3674 924 3755 αυχένας
938 3701 992 3736 των
1010 3673 1087 3737 δσίων
1102 3675 1190 3738 αθτου
1201 3703 1274 3750 οπως

169 3786 351 3849 ταπεινωθωσι
369 3783 423 3854 τοῖς
442 3778 568 3866 ματαίοις
581 3782 662 3864 ύμων
676 3776 807 3856 είδοίλοις,
829 3777 906 3843 ἄλλοί
918 3786 1027 3865 μαλλον
1048 3779 1150 3845 σαυτδν
1164 3781 1273 3846 ἐταπεί-

170 3918 260 3964 νωσας
278 3895 320 3975 τῷ
333 3887 430 3984 κτίστη
444 3883 490 3951 καί
505 3890 664 3975 δημιουργῷ
676 3893 730 3952 τοῖν
744 3889 869 3952 οἱποίντων
883 3885 929 3951 καῖ
943 3890 996 3960 τοῖς
1010 3889 1098 3952 αὐτοῦ
1112 3885 1275 3962 δοιίλοις-καδ

244 4105 261 4154 3
274 4099 422 4169 μολιβδίναιι
434 4101 538 4171 σφέραιτ.
555 4097 566 4152 ΙΙ
581 4099 772 4171 9θνντακαῖδτκα
785 4100 842 4153 vult
853 4102 879 4154 S.
893 4100 926 4153 do
938 4099 1080 4172 Magistriu.
1096 4095 1108 4156 Ιί
1124 4103 1159 4154 13
1172 4097 1242 4172 ιῖπιρ.
1259 4098 1270 4156 ΙΙ

175 4185 208 4246 ill
222 4188 286 4245 θθσον
296 4192 345 4248 καλ.
356 4189 367 4244 ΙΙ
384 4193 418 4244 25
432 4192 542 4260 ἐπίκηρα.
559 4188 570 4246 ΙΙ
587 4194 621 4243 28
634 4189 778 4259 μιλιβδίνονν.
794 4186 805 4244 ss
821 4193 857 4243 30
871 4191 890 4242 τί
901 4186 949 4264 ἴδης
959 4209 999 4260 χρ.
1117 4195 1119 4200 ’
