2962 4964
1201 321 1264 387 171

162 503 231 565 νοεῖν
251 499 334 587 ήμῶς
348 495 398 573 τήν
415 497 469 566 τοῶ
486 497 550 566 θεοῶ
566 496 806 584 εὐσπλαγχνίαν,
825 497 886 570 πῶς
904 503 963 571 τοῒς
976 496 1065 589 α’ξίοις
1081 493 1132 565 καδ
1150 500 1288 588 φοβου·1

162 609 258 697 μένοις
272 609 360 682 αύτδν
380 612 500 698 ταχέως
520 605 728 680 ἀποκαλύπτει
746 609 798 679 καὶ
818 618 946 701 φανεροῖ,
967 615 1144 699 ἀποπληρῶν
1162 609 1217 684 τοίς
1236 641 1268 678 τε

162 724 272 802 δεήσεις
292 725 344 795 καὶ
363 723 404 795 τοδ
424 722 579 812 αἰτήματα
602 729 709 805 αὐτῶν,
731 731 768 797 ῶς
792 731 804 794 ὁ
828 723 978 815 προφήτης
997 725 1079 815 λέγει
1098 729 1156 798 “τίς
1173 725 1268 815 σοφδς

163 835 215 905 καὶ
234 837 348 915 συνήσει
366 842 465 907 ταῦτα
485 838 536 908 καὶ
556 835 701 930 οἶνθροιπος
721 838 834 916 συνετδς
854 839 905 908 καὶ
923 824 1069 928 γγνῶσεται
1090 841 1223 920 ταῶτα;”

309 967 372 1020 lbid.
386 987 411 1040 p.
428 968 487 1024 171.
1278 969 1291 1014 5

655 1109 740 1176 470.

250 1234 338 1301 Ὃύκ
358 1232 418 1304 ἔστι
433 1237 535 1323 σοφῶν
553 1229 685 1322 μοίγοιν.”
705 1231 894 1302 Ἱππολιίτου.
913 1230 1055 1302 Διδοίσκει
1074 1234 1120 1302 τδν
1134 1233 1271 1316 βασιλέα

163 1344 207 1434 μή
226 1352 312 1437 παροδ
331 1344 482 1436 οἰνθροίπων
500 1349 628 1437 ἐπιγείων
642 1347 682 1417 τοδ
697 1346 853 1436 ε’πουροίνια
863 1349 1012 1439 μυστήρια
1028 1352 1174 1438 ἐπιζητεῖν,
1195 1350 1268 1438 οἷπερ

164 1462 316 1548 ἔμελλε[ν]
338 1464 420 1537 ἰδίοις
437 1471 546 1552 καιροῖς
563 1464 623 1532 ύπδ
642 1463 705 1530 θεοῦ
725 1464 928 1532 ἐπιτελεῖσθαι.

308 1592 486 1663 νεκροῖο.
1278 1593 1304 1639 ιο

652 1756 673 1799 ε
687 1731 740 1798 71.

250 1844 317 1921 “213
336 1848 477 1927 βασιλεῦ,
498 1845 524 1913 οἵ
545 1847 694 1933 λογισμοί
712 1847 789 1912 σου.”
808 1843 996 1913 Ἱππολύτου.
1017 1846 1080 1915 Τοῦ
1100 1845 1157 1935 γοδρ
1177 1848 1270 1927 βασι-

164 1958 238 2033 λέως
256 1961 453 2048 κρατήσαντος
475 1963 530 2046 μὲν
555 1962 605 2036 τής
629 1962 683 2048 γῆς
704 1958 868 2049 Αἶγιίπτου,
887 1958 935 2035 τήν
955 1958 986 2027 δδ
1002 1961 1147 2029 Ἰουδαίαν
1164 1959 1270 2049 χῶραν

165 2072 394 2162 παραλαβίντος
418 2072 469 2140 καδ
493 2073 540 2142 τδν
568 2072 642 2142 λαδν
664 2076 894 2160 μετοικήσαντος,
919 2075 1113 2164 διελογίζετο,
1144 2073 1191 2143 ε’πδ
1220 2077 1270 2152 τῆς

164 2191 257 2263 κοίτης
276 2182 320 2267 ῶν,
340 2187 372 2255 τί
387 2182 445 2274 οἷρα
465 2185 547 2254 ἔσται
566 2183 647 2273 μετοδ
665 2191 773 2255 ταῦτα.
798 2194 811 2254 δ
833 2186 864 2254 δὲ
882 2186 922 2254 τοδ
940 2185 1058 2275 κρυπτοδ
1075 2188 1190 2258 ποίντονν
1210 2192 1272 2258 ε’πι·
1282 2205 1307 2253 15

166 2298 311 2387 στήμονος
335 2298 386 2368 καὶ
410 2297 477 2373 τοδς
501 2297 718 2387 διαλογισμοδς
744 2302 798 2367 τῶν
819 2301 941 2389 καρδιῶν
962 2303 1089 2390 ἐρευνῶν,
1113 2303 1271 2371 οἰπεκοίλυ-

165 2415 224 2503 φεν
246 2413 329 2502 αὐτῷ
357 2412 407 2481 διοδ
429 2415 478 2488 πῶς
503 2411 604 2485 εἷκθνος
627 2411 667 2482 τοδ
692 2412 832 2499 ε’σθμενα,
859 2412 1008 2502 ε’πέκρυφε
1033 2413 1064 2482 δὲ
1089 2420 1156 2503 παρ’
1179 2417 1272 2485 αὐτοῦ

165 2529 198 2596 τδ
216 2527 327 2616 ἵραμα,
345 2526 391 2594 ἵνα
410 2526 454 2617 μή
479 2531 538 2595 ὑπδ
563 2530 620 2594 τῶν
646 2529 748 2617 σοφῶν
767 2531 951 2605 Βαβυλῶνος
973 2526 1013 2596 τοδ
1037 2529 1090 2596 ποῶ
1114 2531 1178 2598 θεοῦ
1197 2533 1271 2610 βου-

166 2641 311 2728 λειίματα
333 2642 534 2730 ἕρμηνευθήναι
553 2642 663 2735 δυνηθῇ,
683 2645 755 2710 ἀλλ’
778 2641 837 2710 ὑπδ
851 2643 903 2709 τοῶ
921 2641 1071 2728 μακαρίου
1087 2648 1202 2721 Δανιήλ
1217 2645 1271 2714 οἵτε

166 2753 319 2846 προφήτου
338 2759 390 2824 τοῦ
410 2756 473 2824 θεοῦ
493 2752 533 2824 τοδ
553 2761 644 2825 πῶσιν
665 2757 919 2846 ἀποκεκρυμμένα
944 2758 1103 2850 φανερωθῇ.
1280 2778 1308 2824 20

314 2885 379 2938 Ibid.
393 2904 419 2956 p.
435 2883 494 2940 172.

691 3025 745 3092 72.

252 3136 418 3230 “Ἐθειίρεις
436 3140 510 3208 κτὲ.”
528 3140 733 3229 Ἀπολιναρίου
744 3190 812 3208 .....
832 3137 975 3221 Εὐσέβιος
995 3145 1007 3209 δ
1025 3139 1199 3231 Παμφίλου
1219 3139 1273 3212 καὶ

164 3253 341 3328 Ἱππίλυτος
366 3261 378 3322 δ
400 3252 566 3342 οἱγιοίτατος
592 3254 745 3326 ε’πίσκοπος
765 3253 882 3342 Ῥῶμης
905 3255 1101 3344 οἰπεικοίζουσι
1130 3253 1179 3332 τήν
1201 3286 1271 3344 προ·

166 3367 296 3457 κειμένην
323 3369 376 3435 τοῦ
400 3369 667 3458 Ναβουχοδονόσορ
697 3367 795 3453 δρασιν
827 3372 862 3461 τῇ
889 3371 942 3436 ποῶ
974 3368 1126 3459 προφήτου
1155 3369 1308 3448 Δανιήλνς
1376 3442 1377 3445 ,

167 3481 307 3572 θπτασίορ.

316 3610 381 3664 lbid.
395 3629 419 3680 p.
436 3610 494 3666 173.

662 3749 747 3816 473.

256 3864 349 3934 “Ἰδοδ
370 3864 449 3933 εἰκῶν
475 3863 533 3952 μία
559 3861 708 3952 μεγοίλη.”
732 3859 917 3932 Ἱππολιίτου.
942 3866 1011 3939 Πῶς
1029 3863 1077 3933 οὖν
1095 3867 1127 3933 οὐ
1146 3865 1192 3955 μή
1211 3864 1273 3942 νοή-
1289 3851 1295 3944 δ

242 4015 258 4062 3
274 4013 342 4064 Osee
358 4005 399 4075 ill,
415 4013 477 4079 10,ῃ
496 4008 511 4064 7
525 4012 592 4063 Dan.
606 4012 631 4076 2,
646 4010 687 4078 27.
705 4005 715 4062 ΙΙ
734 4012 766 4060 12
781 4011 845 4062 Dan.
861 4012 886 4076 2,
901 4013 942 4068 29.
953 4007 963 4064 ΙΙ
981 4013 1016 4063 23
1029 4014 1097 4064 Dan.
1111 4014 1135 4076 2,
1149 4015 1191 4066 31.
1209 4006 1219 4065 ΙΙ
1237 4015 1272 4071 29

168 4106 235 4156 Dan.
248 4104 274 4165 2,
288 4105 332 4155 31.

244 4221 278 4280 14
290 4223 468 4297 μετοικήσαντος
482 4230 519 4281 Μ.
543 4223 552 4279 ΙΙ
577 4230 612 4278 20
626 4220 741 4297 προφήτης
754 4229 791 4278 Μ.
