2962 4964
232 1293 296 1412 lta
325 1340 405 1403 mibi
434 1362 501 1406 non
529 1341 642 1428 placeo
670 1355 709 1405 ut
735 1363 789 1406 me
817 1341 955 1407 edidisse
977 1340 1196 1428 Hippolytum
1218 1341 1339 1416 dicam,

235 1486 337 1550 quum
366 1465 445 1528 nibil
475 1464 607 1530 fecerim
637 1489 737 1552 quam
769 1479 808 1529 ut
840 1465 1000 1545 librorum
1036 1469 1105 1530 eius
1135 1465 1340 1552 perditorum

235 1602 394 1673 quantum
423 1589 581 1677 plurimas
609 1611 739 1677 possem
767 1591 899 1653 lacinias
929 1589 1081 1654 collectas
1108 1590 1339 1676 theologorum

235 1712 337 1777 oculis
356 1735 570 1801 exponerem:
594 1717 628 1776 iu
651 1737 716 1800 quo
733 1717 864 1800 negotio
882 1713 1090 1800 exsequendo
1107 1717 1132 1777 si
1150 1736 1215 1799 qua
1231 1737 1340 1778 ernen-

236 1835 330 1902 dasse
355 1841 451 1923 quasi
475 1841 674 1926 praeteriens
696 1841 786 1902 visus
815 1838 909 1902 suero
939 1861 1023 1924 quae
1051 1841 1177 1924 antiqui
1199 1837 1340 1902 editores

234 1964 352 2026 iniuria
374 1962 612 2038 toleraverant,
640 1985 713 2026 eam
736 1962 867 2027 leudem
891 1986 957 2027 non
980 1976 1049 2025 tam
1073 1985 1166 2026 meae
1189 1963 1284 2026 alicui
1307 1965 1341 2026 in

235 2099 306 2150 arte
329 2090 440 2150 critica
462 2090 598 2174 peritiae
622 2109 720 2172 quem
744 2087 874 2150 illorum
903 2088 1123 2172 neglegentiae
1148 2085 1265 2150 debere
1288 2085 1342 2152 me

235 2209 359 2286 fateor,
390 2233 456 2295 qua
485 2224 618 2273 cautum
649 2223 728 2274 erat·
741 2233 783 2274 ne
805 2211 858 2274 vel
881 2213 1084 2295 apertissima
1107 2210 1225 2273 menda
1248 2209 1342 2274 tolle-

234 2347 358 2399 rentur.
396 2357 473 2396 nem
497 2334 647 2397 codicum
677 2357 776 2396 manu
806 2336 1003 2419 scriptorum
1033 2354 1096 2419 ope
1120 2332 1276 2395 destituto
1300 2355 1342 2397 ne

234 2457 353 2522 licebat
377 2456 508 2543 quidem
532 2456 686 2520 audacius
711 2456 751 2520 de
773 2455 981 2520 restituendis
1005 2459 1037 2518 in
1062 2458 1232 2542 pristinem
1256 2459 1342 2520 sani·

234 2596 338 2646 tatem
361 2582 451 2645 libris
475 2595 508 2645 et
529 2581 612 2645 male
635 2603 748 2667 graece
772 2583 898 2666 scriptis
923 2593 955 2642 et
971 2583 1109 2666 pessime
1133 2584 1269 2644 servatis
1286 2603 1341 2645 co·

236 2710 347 2792 gitare.
367 2705 458 2792 quod
481 2727 559 2769 vero
584 2705 694 2769 addidi
722 2728 789 2768 non
812 2727 918 2792 pauca
942 2727 1026 2789 quae
1050 2704 1204 2768 loannem
1225 2704 1342 2769 Alber·

235 2843 307 2893 tum
327 2830 513 2922 fabricium
531 2844 606 2894 ante
628 2830 688 2894 hos
711 2828 825 2893 CXLII
849 2851 951 2892 annos
975 2829 1166 2918 hippolyten
1190 2829 1342 2916 colligen-

235 2968 303 3020 tem
326 2955 505 3031 latuerant‚
535 2955 568 3018 id
598 2955 688 3019 sactu
719 2953 844 3017 facilius
873 2966 944 3017 erat
967 2976 1065 3038 quam
1089 2967 1126 3016 ut
1149 2954 1249 3016 ullam
1273 2953 1342 3039 glo-

235 3080 340 3144 riandi
363 3079 439 3144 inde
454 3083 624 3143 materiam
648 3078 812 3142 haberem.
841 3076 964 3141 aceedit
994 3077 1085 3163 quod
1117 3081 1143 3141 si
1168 3101 1266 3164 quam
1290 3100 1344 3143 me

234 3202 366 3268 laudem
397 3208 549 3268 meritum
581 3203 761 3290 colligendo
792 3215 824 3267 et
852 3201 1055 3266 emendando
1086 3223 1155 3266 esse
1193 3201 1343 3280 dicerem,

234 3328 351 3416 procul
381 3328 480 3393 dubio
522 3328 640 3414 quibus
675 3327 889 3392 bibliothecas
919 3327 1048 3413 gallicas
1080 3340 1113 3391 et
1144 3326 1342 3392 britannicas

234 3451 376 3516 adeundi
400 3451 538 3516 facultas
563 3465 612 3516 est
634 3451 730 3538 plura
746 3474 780 3515 se
803 3474 890 3515 nova
907 3451 1056 3536 colligere
1073 3473 1179 3536 posse,
1204 3453 1260 3536 qui
1284 3473 1343 3515 au-

236 3588 304 3640 tem
333 3579 412 3639 artis
442 3578 570 3638 criticae
599 3598 662 3638 usu
691 3575 810 3639 florent
838 3573 897 3638 sibi
921 3574 1112 3658 corrigenda
1142 3573 1243 3638 videri
1276 3598 1344 3639 non

236 3722 341 3788 pauca
357 3698 593 3788 responderent
609 3722 693 3785 quae
716 3721 775 3785 ego
796 3701 917 3761 intacta
932 3698 1145 3784 reliquissem.
1161 3702 1269 3762 omnia
1285 3722 1343 3763 au·

235 3838 304 3889 tem
326 3848 363 3889 ee
383 3847 466 3911 quae
485 3827 518 3887 in
535 3823 699 3888 codicibus
720 3822 882 3887 veteribus
899 3823 1079 3909 Hippolyto
1096 3845 1162 3885 non
1181 3822 1345 3911 adscripta

236 3948 420 4037 Hippolyto
444 3949 588 4014 tribuere
612 3952 818 4024 recentiores,
842 3948 883 4011 ab
901 3947 1041 4011 editione
1058 3969 1129 4009 mea
1147 3947 1251 4010 aliena
1275 3969 1344 4012 esse

236 4074 389 4148 iudicavi,
412 4074 489 4136 licet
510 4073 561 4137 bis
587 4074 617 4158 [ξ
641 4071 720 4149 bet,
739 4071 772 4158 7]
797 4095 869 4136 eam
886 4072 990 4158 legem
1014 4073 1135 4134 invitus
1160 4071 1218 4135 sed
1241 4074 1344 4136 sciens

235 4209 458 4286 transgressus
483 4200 553 4262 sim.
588 4219 627 4262 ea
649 4220 728 4261 vero
752 4194 935 4284 recipienda
959 4195 1068 4259 censui
1094 4199 1231 4281 quaein
1254 4195 1345 4262 libris

1100 4359 1141 4411 Α.
