2962 4964
1216 363 1273 406 llll

166 513 296 603 ιιῖρμοσει
317 513 388 581 eriri
400 514 477 602 passui
490 522 539 596 τῆς
559 514 641 595 ἁγίας
654 521 765 601 Χρυσῆς
784 512 838 579 sind
855 513 923 603 psius
940 517 1044 602 ἡμέραν
1058 511 1106 598 arpi
1119 515 1196 579 πέντε
1209 523 1270 577 Ka·
1287 516 1297 562 ¹

166 626 273 689 hordeis
293 622 496 708 Φεβρουαρίων,
517 621 609 709 quipus
628 622 674 688 usi
692 626 834 723 siurspppsie
847 619 894 686 sul
913 622 1098 709 φιλανθρωπίᾳ
1115 627 1166 686 reti
1179 619 1270 704 κυρίου

166 735 244 818 ripaeis
260 735 352 812 Ἰησοῦ
370 740 493 816 χριστοῦ,
515 733 581 818 μεθ’
602 726 636 795 ui
653 738 694 817 τῷ
714 728 795 814 nurpi
816 728 866 794 cdv
885 736 927 816 aqi
946 728 1016 816 utuiqe
1036 726 1173 816 πνεύματι
1193 726 1270 814 difies,

165 837 274 926 spuisse,
289 837 356 926 superi
370 837 416 904 sel
431 836 605 925 npsonrirqouc
619 846 664 903 νῦν
676 837 722 903 usi
736 835 778 903 del
792 835 837 902 sai
852 839 887 912 εἷς
901 835 965 911 rods
979 839 1076 911 αἰῶνας
1090 845 1144 902 τῶι
1158 840 1270 902 uiuitur.

313 1004 379 1054 Acte
397 1011 539 1073 martyrum
558 999 592 1053 ad
611 1000 687 1054 Ostia
709 998 820 1053 tiberina
839 998 886 1053 suh
907 997 1018 1052 Claudio
1033 989 1154 1054 Gothico.
1174 997 1201 1066 (e
1225 994 1297 1050 co·5

239 1090 298 1144 dics
316 1091 471 1160 taurinensi)
490 1093 590 1145 Romae
604 1109 627 1147 a
642 1089 711 1149 1795
724 1110 750 1164 p.
762 1091 948 1144 th—LXV.

408 1470 509 1531 Passio
530 1472 620 1531 sancti
642 1471 716 1532 Sinti
736 1470 884 1531 Laurentii
904 1468 1067 1550 Hippolyti.

247 1569 368 1656 Magnas
390 1590 547 1659 martyrum
569 1577 783 1659 praecelsasque
809 1578 930 1637 uirtutes
952 1575 1051 1634 humili
1066 1597 1151 1635 sensu
1172 1585 1202 1634 et
1222 1574 1269 1633 in·

165 1684 251 1766 genio
279 1684 373 1744 tenuis
402 1697 531 1745 attenuat
562 1685 657 1766 potius
684 1707 767 1764 quam
794 1684 915 1764 explicat
936 1704 1048 1758 sermo,
1076 1681 1147 1742 nihil
1174 1693 1269 1741 tamen

164 1793 299 1852 amittunt
320 1813 355 1851 ex
373 1792 492 1873 proprio
512 1793 657 1874 dignitatis
680 1813 751 1871 quae
771 1813 822 1873 per
843 1813 874 1852 se
895 1791 1020 1851 eminere
1041 1801 1207 1851 noscuntur.
1281 1784 1307 1831 ¹⁰

247 1899 357 1981 Xystus
380 1899 469 1980 igitur
489 1899 599 1960 Romae
619 1899 697 1959 urhis
724 1899 874 1980 episcopus
896 1899 970 1978 apud
984 1897 1112 1958 Athenas
1134 1909 1216 1956 natus
1240 1907 1270 1957 et

165 2006 278 2082 doctus,
300 2004 379 2086 prius
402 2006 514 2084 quidem
537 2003 736 2087 philosophus,
757 2019 858 2087 postea
879 2026 949 2066 vero
971 2004 1081 2065 Christi
1102 2003 1268 2086 discipulus,

164 2114 279 2173 audiens
300 2114 422 2173 Decium
445 2112 630 2192 C[a]esarem
647 2115 778 2174 'Romam
800 2132 869 2174 esse'
890 2126 1043 2174 venturum
1065 2113 1121 2173 ait:
1157 2112 1268 2172 Omnes

163 2221 274 2300 priores
295 2222 389 2280 nostri
403 2221 514 2280 diversa
529 2222 657 2302 perpessi
678 2233 745 2281 sunt
759 2233 914 2296 tormenta,
935 2233 969 2279 ιιι
988 2221 1022 2279 ad
1043 2242 1096 2280 nos
1118 2219 1268 2283 incolomis

166 2327 236 2404 (sic)
253 2337 345 2385 status
364 2326 499 2386 ecclesiae
515 2328 687 2407 perveniret.
714 2329 788 2386 Nam
808 2339 838 2386 et
857 2328 918 2406 ipse
929 2327 1061 2386 dominus
1072 2338 1171 2386 noster
1186 2327 1268 2385 Iesus
1282 2326 1308 2376 ¹⁵

166 2431 299 2493 Christus
328 2453 427 2513 passus
456 2444 501 2491 est
526 2444 559 2491 ut
585 2454 647 2491 eam
673 2432 835 2510 adquireret
855 2443 885 2491 et
911 2430 1034 2512 apostoli
1055 2452 1115 2491 eam
1137 2431 1270 2513 patiendo

166 2551 359 2601 servaverunt.
387 2538 467 2598 Nihil
489 2540 579 2622 igitur
593 2539 772 2600 renitendum
787 2550 831 2599 est
845 2539 970 2618 nihilque
991 2538 1194 2615 laborandum,
1214 2538 1270 2599 nisi

164 2659 215 2707 aut
243 2667 306 2705 cum
327 2646 436 2705 iustitia
457 2645 592 2707 cubamus
620 2659 669 2706 aut
691 2646 784 2725 (quod
812 2659 857 2707 est
883 2647 1052 2729 gloriosius)
1080 2668 1133 2728 pro
1160 2647 1270 2706 iustitia

166 2754 251 2814 etiam
263 2753 425 2812 moriamur.
441 2752 510 2832 [stc]
535 2752 665 2834 Cumque
676 2754 744 2814 haec
756 2754 839 2814 ethis
851 2754 952 2815 similia
964 2765 1080 2814 sanctus
1094 2755 1204 2837 Xystus
1216 2775 1269 2815 suo

166 2881 298 2922 sermone
312 2860 505 2936 disseruisset,
526 2862 638 2922 vocavit
651 2862 837 2922 Laurentium
850 2862 1074 2922 archidiaconem
1090 2861 1160 2941 [stc]
1175 2885 1268 2938 suum,
1280 2874 1306 2918 ιο

165 2969 256 3029 civem
276 2989 437 3043 romanum,
459 2967 577 3050 dignum
604 2969 659 3028 deo
679 2969 789 3045 virum,
811 2969 997 3029 iustissimum
1018 2968 1117 3028 habitu
1137 2980 1167 3029 et
1187 2968 1270 3030 vultu

165 3088 196 3138 et
216 3077 366 3136 sanctitate
388 3075 584 3155 conspicuum,
605 3087 635 3136 et
655 3075 772 3137 tradidit
792 3075 820 3135 ei
839 3075 985 3134 universas
1007 3075 1154 3136 facultates
1176 3076 1269 3136 eccle·

165 3184 222 3245 siae
244 3183 354 3243 dicens:
391 3182 458 3242 Sint
482 3183 535 3243 hae
555 3184 649 3263 lpenes
676 3194 707 3243 te
731 3182 864 3264 diligenti
884 3203 949 3241 cura
969 3183 1114 3264 reposita,
1136 3184 1268 3264 quatinus

166 3289 237 3368 [ste]
259 3310 318 3350 non
337 3289 430 3369 possit
451 3289 485 3348 ad
506 3311 539 3349 ea
553 3291 629 3350 arari
650 3290 726 3371 regis
748 3289 887 3371 cupiditas
901 3291 1059 3371 pervenire.
1096 3292 1179 3350 Tune
1192 3293 1267 3351 Lau-

165 3396 276 3455 rentius
296 3407 411 3456 sanctus
437 3399 532 3457 omnia
548 3418 620 3477 quae
645 3409 810 3477 perceperat
830 3396 990 3457 christianis
1018 3397 1172 3486 artificibus
1196 3420 1268 3459 vcn-
1280 3413 1306 3460 25

166 3501 238 3560 didit
253 3513 283 3559 et
297 3523 381 3562 omne
395 3504 519 3582 pretium
533 3504 702 3584 pauperihus
717 3504 855 3586 erogavit.
878 3504 1030 3584 Ingressus
1045 3504 1135 3586 igitur
1146 3505 1269 3565 Romam
1301 3568 1304 3574 ,

165 3607 273 3668 Decius
300 3607 493 3686 iniquissimus
517 3608 656 3688 C[a]esar
677 3631 741 3670 cum
761 3609 847 3671 Abdo
873 3621 904 3671 et
925 3609 1022 3671 Senne
1043 3610 1150 3673 civibus
1172 3612 1268 3682 Persis

166 3714 234 3777 siris
257 3714 509 3792 christianissimis,
532 3737 603 3796 quos
624 3716 814 3798 pronomine
836 3715 945 3779 Christi
965 3718 1076 3779 vinctos
1098 3731 1129 3780 et
1148 3721 1268 3782 uraris

166 3834 322 3883 maceratos
338 3821 484 3903 suppliciis
506 3844 540 3883 ex
554 3824 666 3885 oriente
680 3824 844 3900 adduxerat,
865 3824 938 3885 datis
952 3825 1129 3902 muneribus,
1146 3826 1269 3887 ferarum

167 3949 217 3990 eos
239 3929 415 3990 devorandos
436 3929 579 3990 morsibus
601 3931 726 3992 tradidit.
747 3932 790 3993 Et
810 3932 907 3992 statim
920 3932 1014 3992 soluta
1028 3944 1096 3992 sunt
1116 3933 1307 4015 ligamentum

166 4054 301 4096 mannum
327 4056 440 4096 eorum:
482 4037 583 4116 quihus
605 4037 728 4098 ferarum
754 4038 881 4099 omnium
908 4039 1039 4100 insatiata
1065 4040 1202 4119 rapacitas
1229 4041 1269 4102 ita

165 4153 313 4223 prostrato
334 4140 409 4203 collo
423 4142 562 4228 'submisit
582 4156 616 4204 ut
649 4165 717 4206 ores
738 4145 829 4225 magis
857 4165 940 4224 quam
963 4144 1072 4206 hestiae
1090 4158 1267 4229 putarentur.

167 4248 251 4309 Tunc
277 4247 460 4330 impiissimus
488 4248 627 4329 C[a]esar
651 4251 795 4331 praecepit
826 4263 859 4311 ut
881 4272 931 4312 eos
959 4250 1129 4334 gladiatores
1157 4254 1269 4316 interfi-
