2962 4964
211 311 276 377 126

187 501 197 546 ¹
704 517 711 545 ι
739 488 793 556 23.

298 602 464 687 Quoniam
486 603 623 694 polliciti
647 626 759 671 sumus
783 619 816 672 et
844 603 884 672 de
914 627 953 672 eo
982 609 1017 672 in
1045 605 1152 696 figura
1174 607 1253 696 quid
1279 612 1325 677 si-

208 716 376 806 gnificaret
397 718 583 806 adiungere,
605 719 777 809 Hippolyti
799 724 955 810 martyris
977 721 1079 787 verba
1101 744 1277 812 ponamus,
1302 749 1324 792 a

209 855 275 922 quo
293 847 327 899 et
342 833 528 899 Victorinus
545 847 739 900 nosternon
755 835 934 924 plurimum
951 836 1122 927 discrepat,
1144 861 1212 903 non
1228 838 1323 927 quod

183 949 477 1039 5omniaplenius
507 963 661 1014 executus
691 953 747 1027 sit,
783 950 840 1016 sed
877 973 943 1038 quo
978 957 1083 1041 possit
1114 957 1323 1020 occasionem

207 1063 365 1150 praebere
388 1063 502 1128 lectori
525 1063 568 1129 ad
590 1065 836 1152 intelligentiam
859 1064 1020 1132 latiorem.

296 1177 387 1242 Isaac
416 1190 529 1266 portat
556 1181 730 1264 imaginem
765 1178 816 1244 dci
848 1183 961 1269 patris.
1006 1179 1154 1246 Rebecca
1185 1185 1323 1270 spiritus

209 1294 321 1358 sancti.
348 1292 439 1358 Esau
461 1293 575 1381 populi
598 1296 716 1381 prioris
733 1306 767 1359 et
782 1292 913 1359 diaboli.
950 1295 1048 1360 Iacob
1064 1295 1227 1374 ecelesiae,
1251 1300 1324 1365 sive

209 1405 338 1472 Christi.
368 1409 513 1472 senuisse
539 1407 647 1484 Isaac,
683 1411 999 1474 consummationem
1035 1409 1123 1475 orbis
1157 1410 1323 1477 ostendit:

172 1530 197 1574 ¹⁰
210 1522 311 1587 oculis
336 1523 506 1609 caligasse,
534 1521 634 1587 fidem
656 1525 780 1610 perisse
803 1522 844 1588 de
867 1521 992 1589 mundo
1027 1537 1061 1590 et
1082 1525 1244 1612 religionis
1267 1526 1324 1591 Iu-

207 1658 283 1700 men
306 1649 382 1699 ante
405 1657 481 1700 eum
504 1637 687 1723 neglectum
712 1659 781 1702 esse
806 1636 972 1724 significat.
997 1637 1087 1726 quod
1102 1639 1188 1704 filius
1211 1622 1327 1708 maior

206 1764 361 1827 vocatur,
394 1754 540 1840 acceptio
570 1751 648 1838 legis
679 1764 729 1817 est
755 1749 962 1816 Iudaeorum.
1003 1752 1093 1839 quod
1122 1775 1211 1819 escas
1247 1757 1322 1822 eius

207 1880 306 1952 atque
330 1879 501 1954 capturam
524 1865 628 1952 diligit
649 1878 758 1954 pater,
779 1865 929 1932 homiues
952 1881 1029 1932 sunt
1053 1866 1093 1932 ab
1118 1890 1228 1933 errore
1252 1870 1322 1934 sal·

205 1983 289 2056 vati,
319 2003 402 2067 quos
432 2002 492 2067 per
520 1979 702 2045 doctrinam
730 1983 837 2045 iustus
861 1984 1000 2068 quisque
1022 1996 1172 2048 venatur.
1206 2005 1320 2049 sermo

168 2105 194 2152 ¹⁵
206 2097 258 2162 dei
286 2093 520 2159 benedictionis
547 2108 598 2160 cst
619 2097 829 2184 repromissio
864 2108 897 2161 et
920 2118 994 2185 spes
1021 2099 1112 2183 regni
1135 2096 1254 2173 futuri,
1282 2100 1322 2164 in

205 2235 272 2301 quo
297 2232 370 2274 cunr
388 2207 517 2274 Christo
535 2212 638 2274 sancti
662 2223 739 2275 sunt
758 2213 926 2296 regnaturi
949 2224 982 2276 et
1004 2233 1116 2276 verum
1140 2210 1320 2278 sabbatum

205 2327 410 2395 celebraturi.
446 2324 593 2390 Rebecca
609 2324 706 2413 plena
722 2327 838 2410 spiritu
857 2339 970 2391 sancto
987 2339 1020 2390 et
1035 2328 1137 2391 sciens
1162 2325 1240 2412 quid
1256 2351 1320 2394 au·

204 2443 305 2508 disset
319 2456 496 2530 antequam
512 2453 651 2527 pareret,
670 2443 767 2526 „quia
782 2441 889 2505 maior
911 2442 1031 2506 serviet
1046 2442 1195 2515 minori‚“
1210 2445 1319 2529 magis

203 2570 315 2621 autem
331 2556 439 2622 forma
456 2558 588 2643 spiritus
604 2556 717 2630 sancti,
741 2576 824 2641 quae
840 2553 953 2618 futura
967 2568 1107 2620 noverat
1121 2557 1155 2619 in
1172 2554 1316 2635 Christo,

165 2682 192 2726 ²⁰
203 2674 236 2735 in
258 2669 355 2734 Iacob
379 2683 455 2735 ante
471 2669 658 2744 meditatur,
681 2668 829 2755 loquitur
848 2666 890 2732 ad
905 2667 1009 2732 lilium
1026 2670 1185 2733 minorem
1209 2669 1317 2748 „vade

202 2783 245 2851 ad
268 2807 413 2874 gregem,
438 2797 471 2849 et
493 2786 602 2871 accipe
625 2782 705 2847 mihi
727 2781 803 2847 inde
827 2781 910 2847 duos
933 2782 1091 2861 haedos,“
1112 2782 1316 2870 praefigurat

201 2914 355 2965 carneum
392 2900 565 2964 salvatoris
599 2896 794 2973 adventum,
828 2898 863 2960 in
898 2917 964 2982 quo
996 2917 1051 2960 eos
1083 2898 1136 2963 vel
1170 2903 1314 2966 maxime

199 3014 373 3091 liberaret,
426 3017 481 3101 qui
521 3014 660 3102 peccatis
705 3009 903 3078 tenebantur
949 3008 1097 3075 obnoxii:
1149 3013 1312 3100 siquidem

198 3131 233 3191 iu
272 3128 423 3193 omnibus
457 3129 625 3215 scripturis
657 3124 754 3189 haedi
786 3146 847 3213 pro
886 3125 1113 3213 peccatoribus
1146 3130 1311 3216 accipiun-

161 3253 263 3308 2⁵tur.
311 3241 401 3331 quod
441 3240 523 3306 duos
563 3239 696 3306 iubetur
735 3239 875 3316 afferre,
922 3238 1063 3305 duorum
1107 3242 1310 3330 populorum

199 3356 397 3444 significatur
430 3359 626 3444 assumptio:
672 3355 762 3443 quod
795 3369 927 3420 teneros
961 3368 993 3419 et
1032 3353 1154 3432 bonos,
1187 3355 1308 3422 dociles

199 3486 233 3538 et
260 3476 449 3538 innocentes
479 3475 615 3536 animae.
655 3468 739 3533 stola
768 3468 821 3532 vel
849 3471 1083 3533 vestimentum
1106 3469 1196 3535 Esau
1226 3469 1309 3536 fides

198 3585 426 3653 Hebraeorum
455 3599 488 3651 et
521 3588 715 3673 scripturae,
749 3583 867 3670 quibus
897 3584 1065 3670 gentilium
1094 3585 1226 3650 indutus
1258 3599 1311 3651 est

197 3701 349 3789 populus.
379 3700 479 3789 pelles
508 3722 592 3788 quae
616 3702 684 3764 eius
707 3696 848 3762 brachiis
872 3696 1091 3763 circumdatae
1114 3713 1207 3776 suut,
1230 3721 1308 3788 pec·

159 3830 271 3880 uocata
300 3818 471 3902 utriusque
499 3828 576 3878 sunt
603 3811 721 3901 plebis,
750 3834 835 3896 quae
865 3811 1013 3878 Christus
1048 3815 1083 3877 in
1117 3816 1308 3882 extensione

196 3954 355 3997 manuum
379 3933 465 3995 cruci
489 3950 599 3994 secum
614 3931 737 4021 pariter
759 3926 873 3992 affixit.
897 3926 987 4014 quod
1001 3926 1092 3992 Isaac
1114 3930 1241 4014 quaerit
1264 3927 1307 3994 ab

194 4044 307 4124 Iacob,
338 4067 396 4110 cur
423 4059 492 4110 tam
524 4047 588 4109 cito
619 4044 758 4118 venerit,
790 4040 972 4109 admiratur
1005 4043 1143 4110 celerem
1172 4041 1307 4110 creden·

270 4260 302 4311 18
317 4258 413 4313 Genea.
426 4259 471 4324 25,
481 4261 524 4312 23.
549 4259 625 4314 Rom.
637 4259 664 4322 9,
676 4255 717 4311 12.
729 4251 742 4310 l
759 4255 795 4308 20
808 4256 905 4312 Genea.
920 4257 964 4325 27,
977 4258 1003 4318 9.
1020 4252 1032 4314 l
1048 4259 1084 4312 32
1097 4257 1192 4315 Genea
1202 4253 1246 4324 27,
1259 4255 1304 4313 20.
