2962 4964
1201 288 1266 355 187

161 498 208 544 τες
226 467 311 550 λαοί,
334 464 437 558 φυλαὶ
455 465 507 538 καὶ
528 469 668 557 γλῶσσαι
689 462 895 535 δουλεύσουσιν
919 467 1011 556 αὐτῷ.
1037 463 1156 557 ἐξουσία
1173 468 1306 535 adradi·

162 582 281 674 ἐξουσία
305 583 414 656 αἰώνιος
430 581 492 660 ἥτις
511 585 544 650 οὐ
564 580 779 671 παρελεύσεται
799 580 852 650 καὶ
871 581 1017 663 βασιλεία
1037 583 1130 650 αὐτοῦ
1150 584 1183 650 οὐ
1202 583 1268 652 διοι-

163 695 370 788 φθαρήσεται.”

308 860 463 913 Anastasius
481 859 573 912 Sinuit.
593 871 692 931 quaest.
704 855 748 913 48.
768 859 795 929 (e
808 859 951 930 Fabricio.)

640 1046 644 1099 ι
678 1030 753 1097 124.
1278 1061 1293 1108 ς

252 1168 452 1258 Hippolytus
476 1169 516 1235 de
540 1170 660 1235 eisdem
683 1170 943 1236 hebdomadibus
967 1174 1119 1259 opinatus
1143 1185 1192 1237 est
1214 1175 1269 1236 ita.

165 1298 291 1372 septem
314 1283 535 1349 hebdomadas
553 1299 628 1350 ante
650 1284 791 1350 reditum
804 1287 919 1373 populi
942 1301 1101 1374 supputat
1123 1300 1156 1351 et
1179 1308 1270 1351 sexa-

165 1401 254 1485 ginta
278 1397 359 1462 duas
381 1412 459 1486 post
472 1399 613 1464 reditum
629 1422 734 1486 usque
750 1399 792 1464 ad
808 1403 1012 1464 nativitatem
1030 1400 1164 1465 Christi:
1189 1422 1271 1487 quo-

165 1529 241 1578 rum
263 1525 413 1600 tempora
437 1516 570 1576 omuino
593 1534 662 1577 non
685 1526 877 1599 congruunt,
902 1514 1061 1600 siquidem
1080 1517 1171 1600 regni
1193 1514 1270 1578 Per·
1320 1515 1323 1547 ³

166 1646 277 1691 sarum
301 1625 431 1690 ducenti
454 1640 487 1690 et
507 1629 640 1713 triginta
663 1641 884 1715 supputantur
907 1630 982 1691 anni
1006 1640 1039 1692 et
1052 1626 1272 1692 Macedonum
1282 1638 1309 1685 ιι

168 1744 305 1804 trecenti
335 1752 367 1803 et
395 1753 472 1827 post
500 1741 573 1805 illos
602 1763 708 1827 usque
740 1741 781 1806 ad
810 1744 1017 1806 nativitatem
1051 1741 1173 1806 domini
1197 1744 1272 1806 anni

166 1857 314 1940 triginta,
341 1854 404 1919 hoc
433 1866 482 1919 est
510 1855 551 1919 ab
582 1858 674 1919 initio
699 1855 778 1942 Cyri
806 1859 890 1942 regis
913 1856 1086 1921 Persarum
1102 1854 1273 1942 usquead

168 1968 346 2033 adventum
370 1968 542 2034 salvatoris
566 1973 642 2035 anni
666 1973 832 2057 quingenti
856 1974 1032 2056 sexaginta.
1059 1973 1272 2035 novissimam

170 2104 301 2170 quoquc
316 2080 555 2148 hebdomadem
570 2088 665 2171 ponit
679 2088 714 2148 in
729 2088 1009 2151 consummatione
1032 2084 1156 2160 mundi,
1173 2107 1272 2171 quam

170 2195 286 2260 dividit
306 2203 340 2260 in
361 2196 453 2261 Eiiae
475 2210 627 2282 tempora
650 2210 683 2260 et
704 2195 909 2274 Antichristi‚
933 2211 971 2261 nt
992 2199 1098 2263 tribus
1122 2213 1154 2262 et
1177 2202 1273 2263 semis
1284 2211 1311 2258 ιε

170 2311 262 2374 annis
285 2310 420 2374 ultimae
442 2308 656 2375 hebdomadis
674 2311 724 2375 dei
745 2313 863 2375 notitia
888 2310 1115 2388 confirmetur,
1145 2311 1184 2376 de
1208 2334 1273 2397 qua

171 2422 369 2488 dictumest
395 2424 625 2490 “confirmabit
649 2438 783 2512 pactum
817 2425 927 2490 multis
954 2423 1162 2490 hebdomada
1181 2425 1275 2490 uua”.

171 2553 204 2603 et
218 2538 323 2602 tribus
340 2538 409 2602 aliis
425 2541 517 2604 anuis
539 2539 600 2604 sub
615 2539 813 2604 Antichristo
835 2539 981 2604 “deficiet
1001 2540 1107 2603 hostia
1124 2552 1156 2603 et
1178 2541 1275 2603 sacri-

170 2652 308 2716 ficium”.
332 2651 524 2718 adveniente
547 2666 657 2719 autem
674 2651 803 2717 Christo
828 2666 860 2717 et
880 2655 1053 2738 “iniquum
1078 2656 1194 2741 spiritu
1210 2656 1275 2718 oris

172 2770 223 2831 sui
237 2765 466 2831 interficiente”
482 2787 587 2854 usque
610 2767 652 2833 ad
673 2769 987 2833 consummationem
1009 2781 1041 2833 et
1055 2767 1152 2832 finem
1168 2790 1277 2854 perse·
1287 2783 1313 2829 zo

171 2893 266 2946 verat
281 2879 450 2946 desolatio.

319 3043 497 3116 {lieronymus
516 3061 609 3100 comm.
628 3045 655 3097 iu
674 3043 771 3098 Daniel
788 3046 833 3098 IX.

663 3230 671 3275 ι
693 3213 768 3281 125.

259 3363 439 3432 Ἱππολύτου
467 3363 521 3429 rrii
550 3357 709 3431 ἒπισιοὸπου
743 3356 860 3446 Ῥώμης
889 3357 1024 3433 ὑπόδεσις
1050 3353 1207 3445 διηγήσεως
1239 3353 1277 3427 εἷς

174 3476 241 3552 roh
260 3476 422 3567 ψαλμούς.
518 3477 521 3481 ’
1287 3505 1315 3554 25

261 3594 301 3660 Ἠ
329 3593 439 3672 βίβλος
464 3587 519 3658 τῶν
534 3589 675 3680 ψαλμῶν
698 3585 797 3659 καινὴν
816 3584 1015 3654 διδασκαλίαν
1043 3585 1172 3672 περιέχει
1196 3577 1278 3672 parci

175 3706 224 3782 riv
244 3704 372 3778 Μωσέως
394 3703 560 3792 νομοθεσίαν
592 3700 644 3773 καὶ
668 3702 711 3772 δτι
740 3703 859 3791 δευτέρα
881 3698 962 3788 perci
985 3697 1034 3776 aab
1054 3698 1181 3772 Μωσέως
1202 3728 1279 3787 ‘ypa-

179 3820 238 3911 ψὴν
264 3819 464 3896 διδασκαλικοὶ
489 3820 598 3900 βίβλος
623 3816 781 3907 τυγχένει.
809 3817 891 3904 μετοδ
914 3816 985 3904 γοῦν
1005 3813 1054 3890 triv
1079 3815 1207 3888 Μωσέως
1227 3811 1280 3884 καὶ

251 3983 269 4038 6
286 3988 355 4039 Dan·
376 3987 402 4050 9,
422 3983 464 4039 27.
482 3981 492 4036 ΙΙ
517 3987 551 4043 19
563 3985 634 4056 Esaj.
649 3987 691 4048 ii,
705 3979 729 4036 lt.

252 4093 288 4153 ai
307 4103 347 4151 τοῦ
361 4119 411 4153 om.
422 4099 498 4154 Febr.
515 4095 525 4152 ΙΙ
543 4096 579 4152 26
591 4121 617 4154 ιι.
631 4097 695 4151 acroi
709 4100 739 4152 F.
757 4093 767 4150 ΙΙ
785 4098 827 4153 27.
841 4099 875 4150 28
890 4107 916 4150 et
933 4116 960 4169 p.
976 4099 1037 4162 188,
1051 4091 1200 4152 6Μοῦσέως
1212 4097 1243 4162 F,
1255 4114 1280 4167 p.

182 4194 242 4258 188,
256 4184 273 4243 lt
285 4193 377 4264 Μωῦσξῖ
390 4200 417 4244 et
427 4187 516 4250 Διιβὶδ
525 4191 588 4246 ibid.
601 4191 635 4245 in.
