2948 4964
1221 313 1266 356 XV

163 451 232 538 sunt
246 475 375 538 thesauri
387 473 532 551 eeclesiae,
548 495 619 554 quos
642 485 671 535 te
686 473 770 535 bodie
784 472 936 535 allaturum
951 468 1163 555 spoponderas?
1188 469 1289 528 Lau-¹
1309 461 1311 465 ⁷

162 584 270 644 rentius
292 583 380 651 dixit:
408 604 473 643 ecce
501 583 550 642 isti
577 592 645 645 sunt
665 581 790 642 thesauri
811 578 945 640 ecclesiae
966 578 1141 661 sempiterni.
1184 576 1268 635 Tunc

160 691 324 774 indignatus
348 690 464 751 Decius.
476 687 616 768 C[a]csar
635 688 752 748 tradidit
773 709 838 747 eum
852 685 1004 746 Valeriano
1024 685 1167 766 praelecto
1189 683 1266 744 urbis

161 797 274 859 dicens:
302 797 368 857 Nisi
388 796 473 856 bodie
495 794 695 861 sacrificaverit
715 795 768 854 diis
790 794 916 868 nostris,
938 792 1057 853 dirersis
1079 812 1144 851 eum
1165 790 1266 872 poenis

160 904 299 971 interfice.
336 903 441 963 Statim
468 915 563 963 autem
588 901 663 964 intra
690 900 825 981 palatium
851 899 1024 960 tiberianum
1050 921 1103 978 pro
1132 896 1295 958 tribunalis

165 1011 266 1073 sedens
289 1012 331 1070 sic
352 1032 417 1071 eum
440 1008 644 1092 interrogavit:
683 1007 773 1069 Cuius
800 1019 831 1069 te
857 1006 962 1067 muniri
983 1004 1146 1084 [a]estimas
1167 1016 1266 1084 patro-

162 1118 249 1192 cinio,
271 1116 348 1196 quod
368 1136 464 1195 neque
477 1115 546 1186 deos
561 1135 654 1194 neque
668 1115 853 1196 c[a]esarem
873 1113 944 1176 velis
966 1112 1068 1172 habere
1089 1109 1265 1191 propitium?

161 1223 332 1283 Laurentius
347 1222 431 1281 dicit:
450 1222 544 1283 omnis
560 1223 609 1302 qui
623 1224 762 1284 sacrificat
776 1222 858 1283 idolis
874 1243 938 1282 cum
953 1220 1058 1281 eisdem
1073 1220 1127 1278 erit
1148 1219 1179 1277 in
1200 1219 1266 1300 igne

162 1340 310 1411 perpetuo.
347 1327 430 1388 Tunc
457 1329 541 1388 iussit
567 1350 632 1389 eum
660 1330 690 1388 in
713 1341 868 1410 conspectu
888 1348 941 1388 suo
961 1327 1058 1385 vivum
1079 1326 1108 1385 in
1129 1323 1267 1407 graticula

163 1437 310 1518 [sicarius
327 1434 551 1514 gangrarum]
572 1437 670 1495 assari.
707 1434 782 1495 Cum
801 1447 897 1494 autem
910 1444 1064 1507 assaretur,
1083 1431 1166 1489 hilari
1185 1430 1268 1491 vultu
1282 1437 1308 1484 to

161 1543 346 1605 benedicebat
359 1542 514 1616 domiuum,
523 1542 562 1601 ita
573 1553 605 1600 ut
615 1535 897 1601 omnes'mirarentur
908 1540 1043 1599 virtutem
1057 1537 1142 1597 animi
1153 1548 1183 1596 et
1196 1556 1267 1596 cou-

163 1653 296 1711 stantiam
308 1651 378 1710 eius.
393 1649 433 1707 Et
444 1649 484 1708 ait
496 1647 531 1707 ad
542 1647 791 1709 eumValerianus:
809 1648 868 1707 Ubi
880 1659 947 1707 suut
958 1646 1038 1728 ignes
1049 1667 1118 1725 quos
1130 1644 1183 1704 diis
1197 1665 1267 1723 pro·
1373 1667 1376 1672 ’

162 1757 302 1819 miseras?
316 1756 486 1816 Laurentius
497 1756 579 1816 dicit:
595 1755 683 1831 disce,
694 1756 792 1832 miser,
800 1766 904 1836 quanta
911 1755 949 1814 sit
959 1751 1268 1833 virtusfdomininouri
1309 1766 1312 1772 '

163 1864 356 1927 Iesquristi.
378 1863 452 1922 Nam
465 1861 600 1923 carbones
615 1862 665 1922 isti
678 1884 737 1922 uon
752 1861 879 1922 dolorem
890 1860 940 1922 sed
954 1859 1132 1942 refrigerium
1144 1859 1212 1918 milri
1225 1858 1266 1919 la·

164 1966 251 2026 ciunt.
283 1967 403 2028 Gaudeo
418 1968 501 2050 plane
516 1969 580 2048 quia
594 1969 687 2030 hostia
698 1969 808 2030 Christi
823 1969 897 2031 effici
911 1967 1011 2028 merui.
1033 1965 1191 2027 Accusatus
1206 1987 1265 2026 uon
1281 1971 1307 2019 ¹⁵

163 2075 274 2157 negari.
296 2076 494 2158 Interrogatus
508 2074 655 2136 Christum
671 2076 818 2137 consessus
837 2098 909 2137 sum.
945 2073 1067 2136 Assatus
1083 2073 1186 2156 gratias
1202 2095 1267 2155 ago.

163 2179 237 2239 Nam
249 2181 278 2239 hi
290 2181 371 2262 ignes
384 2183 427 2241 tui
438 2182 618 2262 temporales,
632 2182 733 2263 quibus
745 2204 790 2243 me
800 2184 900 2264 poenis
912 2183 1028 2265 affligis,
1041 2181 1098 2240 cito
1111 2180 1146 2239 ad
1158 2180 1267 2240 cineres

164 2297 194 2344 et
207 2285 329 2345 favillam
344 2285 534 2347 deducenturr
563 2289 613 2348 sed
627 2289 681 2348 tibi
695 2290 811 2349 venient
824 2289 883 2348 dies
905 2288 956 2362 illi,
978 2288 1070 2365 quite
1085 2297 1115 2345 et
1128 2284 1268 2363 C[a]esa-

164 2413 225 2453 rem
246 2404 327 2452 tuum
342 2391 372 2456 iu
387 2404 502 2453 aeterna
516 2415 609 2474 poena
624 2404 801 2453 consumant.
837 2394 877 2452 Et
898 2392 966 2453 baec
981 2392 1077 2452 dicens
1093 2391 1187 2451 emisit
1207 2391 1267 2470 spi-

164 2500 260 2558 ritum.
298 2500 354 2559 Die
374 2521 444 2561 vero
459 2499 554 2559 eadem
576 2500 670 2581 rapuit
691 2520 793 2581 corpus
816 2501 877 2580 ejus
893 2499 1069 2581 Hippolytus
1091 2510 1121 2559 et
1142 2498 1268 2558 condivit
1282 2503 1309 2548 ²⁰

164 2606 337 2665 aromatibus
354 2619 382 2667 et
396 2607 492 2687 posuit
507 2607 535 2665 iu
548 2618 647 2688 crypta
658 2606 832 2667 abditissima
847 2619 950 2687 quarto
964 2607 1060 2667 iduum
1072 2618 1267 2688 augustarum,

164 2713 286 2793 fecitque
302 2713 466 2793 [fuitqud]
489 2713 547 2773 illic
560 2713 676 2774 biduum
691 2715 818 2775 ieiunans
841 2728 871 2776 et
885 2737 979 2776 orans.
1015 2715 1159 2797 Egressus
1174 2724 1267 2773 autem

134 2842 136 2846 ⁴
165 2821 249 2880 tertia
271 2821 316 2880 die
338 2821 513 2903 Hippolytus
535 2822 614 2882 venit
633 2834 666 2882 ut
685 2822 885 2904 ingrederetur
905 2823 1031 2897 domum,
1054 2833 1084 2882 et
1104 2820 1268 2902 priusquam

164 2940 278 3010 caperet
291 2929 395 3004 cibum,
410 2950 426 2988 a
441 2928 578 2988 militibut
594 2930 805 3012 conprehensus
818 2941 906 2990 estet
920 2929 1072 3011 perductus
1085 2925 1264 3006 adC[a]esa-

165 3057 234 3095 rem.
272 3035 328 3096 Cui
343 3035 482 3116 C[a]esar
496 3036 551 3095 ait:
572 3036 710 3115 Nunquid
724 3048 754 3096 et
768 3048 800 3096 tu
814 3058 913 3118 magus
929 3035 1047 3096 effectus
1062 3056 1104 3110 es,
1120 3046 1152 3094 ut
1166 3055 1268 3114 corpus
1279 3045 1306 3094 25

165 3143 312 3203 Laurentii
332 3142 485 3204 abstulisse
504 3142 624 3203 dicaris?
649 3144 771 3204 Sanctus
787 3144 973 3227 Hippolytus,
997 3143 1076 3204 cuius
1092 3142 1146 3201 iam
1161 3141 1269 3224 gloriae

166 3270 271 3309 corona
284 3262 381 3330 parata
395 3263 466 3326 erat,
490 3250 525 3310 ad
539 3249 649 3310 laudem
664 3250 821 3333 intrepidus
836 3252 1012 3332 respondens
1028 3250 1112 3324 dixit:
1136 3251 1200 3311 Hoc
1215 3249 1268 3309 leci

165 3375 225 3412 non
239 3355 319 3432 quasi
333 3377 431 3435 magus
448 3355 497 3414 sed
512 3368 543 3414 ut
558 3357 736 3415 christianus.
760 3356 828 3430 Quo
843 3358 940 3417 audito
954 3358 1060 3417 Decius
1076 3355 1216 3436 C[a]esar
1229 3355 1269 3415 ira

167 3469 325 3517 commotus
345 3458 430 3518 iussit
444 3480 476 3518 os
492 3461 551 3518 eius
572 3461 709 3519 contundi
724 3459 861 3539 lapidibus
876 3474 906 3521 et
921 3464 985 3521 exui
1000 3462 1095 3540 [exuit
1109 3461 1186 3539 cort]
1204 3482 1268 3520 eum

167 3574 276 3622 restem
287 3583 369 3642 quam
384 3563 482 3622 babuit
492 3575 522 3622 et
532 3576 680 3624 extensum
691 3565 725 3623 ad
739 3565 838 3625 cardos
853 3565 961 3625 ferreos
976 3566 1094 3646 c[a]edi.
1118 3566 1190 3626 Post
1200 3567 1268 3627 baec
1278 3581 1306 3628 ³⁰

167 3680 261 3728 autem
271 3669 439 3729 seminecem
454 3669 537 3728 iussit
551 3669 615 3729 duci
628 3681 706 3730 extra
720 3670 818 3748 urbem
833 3683 863 3732 et
876 3672 962 3754 pedes
977 3673 1036 3733 eins
1052 3672 1135 3757 ligari
1149 3675 1268 3755 pedibus

168 3796 306 3856 equorum
319 3776 522 3838 indomitorum
536 3789 566 3838 et
579 3776 685 3838 dimitti
698 3778 728 3837 in
744 3778 866 3840 cardeto.
893 3781 970 3839 Dum
986 3792 1080 3841 autem
1092 3787 1158 3842 'eum
1171 3781 1267 3841 trahe-

167 3894 243 3957 rent,
255 3882 376 3943 reddidit
390 3884 530 3967 spiritum.
551 3886 635 3944 Tunc
650 3905 752 3966 corpus
766 3886 825 3946 eius
837 3899 991 3966 rapuerunt
1006 3886 1151 3946 christiani
1167 3897 1197 3945 et
1214 3907 1268 3966 po·

167 4001 287 4061 suerrmt
301 3990 331 4049 iu
352 4004 460 4074 crypta,
483 4003 613 4071 quaeest
634 3991 710 4051 iuxta
724 4013 824 4075 agrum
838 3993 1054 4074 praetorianum
1068 3992 1114 4052 die
1134 3991 1172 4051 id.
1187 3988 1272 4075 augs'.

164 4097 240 4175 „Post
261 4095 336 4158 diem
356 4109 450 4159 autem
472 4098 624 4179 septimum
638 4097 778 4181 passionis
800 4099 860 4159 eius
882 4099 960 4159 dedit
980 4120 1097 4162 munera
1110 4099 1217 4161 Decius
1240 4112 1269 4161 et
