<?xml version="1.0" encoding="UTF-8"?>
<!DOCTYPE html PUBLIC "-//W3C//DTD XHTML 1.0 Transitional//EN"
    "http://www.w3.org/TR/xhtml1/DTD/xhtml1-transitional.dtd">
<html xmlns="http://www.w3.org/1999/xhtml" xml:lang="en" lang="en">
 <head>
  <title>
</title>
<meta http-equiv="Content-Type" content="text/html;charset=utf-8" />
  <meta name='ocr-system' content='tesseract 3.04.00' />
  <meta name='ocr-capabilities' content='ocr_page ocr_carea ocr_par ocr_line ocrx_word'/>
</head>
<body>
  <div class='ocr_page' id='page_1' title='image "./hippolytiromani00lagagoog_0117.png"; bbox 0 0 2962 4964; ppageno 0'>
   <div class='ocr_carea' id='block_1_1' title="bbox 241 271 285 338">
    <p class='ocr_par' dir='ltr' id='par_1_1' title="bbox 241 271 285 338">
     <span class='ocr_line' id='line_1_1' title="bbox 241 271 285 338; baseline 0.045 -2"><span class='ocrx_word' id='word_1_1' title='bbox 241 271 285 338; x_wconf 88' lang='grc'>96</span> 
     </span>
    </p>
   </div>
   <div class='ocr_carea' id='block_1_2' title="bbox 198 444 1382 3406">
    <p class='ocr_par' dir='ltr' id='par_1_2' title="bbox 198 444 1382 3406">
     <span class='ocr_line' id='line_1_2' title="bbox 217 444 1355 544; baseline 0.003 -25"><span class='ocrx_word' id='word_1_2' title='bbox 217 449 282 535; x_wconf 63' lang='grc' dir='ltr'>,ἐπ’</span> <span class='ocrx_word' id='word_1_3' title='bbox 303 447 444 537; x_wconf 81' lang='grc' dir='ltr'>ἐσχοίτων</span> <span class='ocrx_word' id='word_1_4' title='bbox 469 447 659 540; x_wconf 71' lang='grc' dir='ltr'>γενησομένην</span> <span class='ocrx_word' id='word_1_5' title='bbox 679 447 777 527; x_wconf 77' lang='grc' dir='ltr'>ὶδίνην</span> <span class='ocrx_word' id='word_1_6' title='bbox 798 444 851 518; x_wconf 88' lang='grc' dir='ltr'>καὶ</span> <span class='ocrx_word' id='word_1_7' title='bbox 869 447 1009 539; x_wconf 74' lang='grc' dir='ltr'>ταραχήν</span> <span class='ocrx_word' id='word_1_8' title='bbox 1031 448 1084 520; x_wconf 89' lang='grc' dir='ltr'>καὶ</span> <span class='ocrx_word' id='word_1_9' title='bbox 1103 448 1219 520; x_wconf 88' lang='grc' dir='ltr'>ποίντων</span> <span class='ocrx_word' id='word_1_10' title='bbox 1243 445 1355 544; x_wconf 75' lang='grc' dir='ltr'>δνθρῶ·</span> 
     </span>
     <span class='ocr_line' id='line_1_3' title="bbox 238 560 1355 657; baseline 0.002 -25"><span class='ocrx_word' id='word_1_11' title='bbox 238 593 299 635; x_wconf 89' lang='grc' dir='ltr'>πων</span> <span class='ocrx_word' id='word_1_12' title='bbox 317 564 367 643; x_wconf 73' lang='grc' dir='ltr'>τήν</span> <span class='ocrx_word' id='word_1_13' title='bbox 384 563 454 652; x_wconf 79' lang='grc' dir='ltr'>πρὶς</span> <span class='ocrx_word' id='word_1_14' title='bbox 472 564 631 641; x_wconf 81' lang='grc' dir='ltr'>α’λλήλους</span> <span class='ocrx_word' id='word_1_15' title='bbox 646 560 834 655; x_wconf 72' lang='grc' dir='ltr'>διαστροφήν</span> <span class='ocrx_word' id='word_1_16' title='bbox 852 561 905 634; x_wconf 91' lang='grc' dir='ltr'>καὶ</span> <span class='ocrx_word' id='word_1_17' title='bbox 921 563 1024 655; x_wconf 83' lang='grc' dir='ltr'>φθίνον</span> <span class='ocrx_word' id='word_1_18' title='bbox 1043 562 1096 635; x_wconf 88' lang='grc' dir='ltr'>καὶ</span> <span class='ocrx_word' id='word_1_19' title='bbox 1112 572 1202 654; x_wconf 76' lang='grc' dir='ltr'>μῒσος</span> <span class='ocrx_word' id='word_1_20' title='bbox 1217 564 1270 636; x_wconf 88' lang='grc' dir='ltr'>καὶ</span> <span class='ocrx_word' id='word_1_21' title='bbox 1289 565 1355 657; x_wconf 83' lang='grc' dir='ltr'>ἐριν,</span> 
     </span>
     <span class='ocr_line' id='line_1_4' title="bbox 238 666 1355 772; baseline 0.003 -25"><span class='ocrx_word' id='word_1_22' title='bbox 238 666 363 756; x_wconf 80' lang='grc' dir='ltr'>τοὶντῦν</span> <span class='ocrx_word' id='word_1_23' title='bbox 382 677 524 767; x_wconf 81' lang='grc' dir='ltr'>ποιμένων</span> <span class='ocrx_word' id='word_1_24' title='bbox 544 675 591 747; x_wconf 85' lang='grc' dir='ltr'>ἐπὶ</span> <span class='ocrx_word' id='word_1_25' title='bbox 615 683 670 747; x_wconf 75' lang='grc' dir='ltr'>τῶν</span> <span class='ocrx_word' id='word_1_26' title='bbox 690 679 846 768; x_wconf 88' lang='grc' dir='ltr'>προβοίτων</span> <span class='ocrx_word' id='word_1_27' title='bbox 872 678 1019 763; x_wconf 83' lang='grc' dir='ltr'>οὶμέλειαν</span> <span class='ocrx_word' id='word_1_28' title='bbox 1040 677 1093 749; x_wconf 90' lang='grc' dir='ltr'>καὶ</span> <span class='ocrx_word' id='word_1_29' title='bbox 1111 684 1165 748; x_wconf 86' lang='grc' dir='ltr'>τοῦ</span> <span class='ocrx_word' id='word_1_30' title='bbox 1183 680 1265 751; x_wconf 91' lang='grc' dir='ltr'>λαοῦ</span> <span class='ocrx_word' id='word_1_31' title='bbox 1283 679 1355 772; x_wconf 87' lang='grc' dir='ltr'>πρδς</span> 
     </span>
     <span class='ocr_line' id='line_1_5' title="bbox 239 789 1356 886; baseline 0.001 -23"><span class='ocrx_word' id='word_1_32' title='bbox 239 791 306 868; x_wconf 83' lang='grc' dir='ltr'>τοῦς</span> <span class='ocrx_word' id='word_1_33' title='bbox 325 795 403 883; x_wconf 79' lang='grc' dir='ltr'>ὶερεῒς</span> <span class='ocrx_word' id='word_1_34' title='bbox 422 792 624 863; x_wconf 78' lang='grc' dir='ltr'>οἰνυπίτακτον</span> <span class='ocrx_word' id='word_1_35' title='bbox 644 789 779 863; x_wconf 85' lang='grc' dir='ltr'>διοίθεσιν.</span> <span class='ocrx_word' id='word_1_36' title='bbox 822 793 854 860; x_wconf 87' lang='grc'>7.</span> <span class='ocrx_word' id='word_1_37' title='bbox 878 792 921 862; x_wconf 87' lang='grc' dir='ltr'>διδ</span> <span class='ocrx_word' id='word_1_38' title='bbox 940 789 1047 868; x_wconf 88' lang='grc' dir='ltr'>ποίντες</span> <span class='ocrx_word' id='word_1_39' title='bbox 1064 799 1106 884; x_wconf 75' lang='grc' dir='ltr'>τῷ</span> <span class='ocrx_word' id='word_1_40' title='bbox 1126 793 1189 886; x_wconf 76' lang='grc' dir='ltr'>ἰδίῳ</span> <span class='ocrx_word' id='word_1_41' title='bbox 1206 794 1356 883; x_wconf 86' lang='grc' dir='ltr'>θελήματι</span> 
     </span>
     <span class='ocr_line' id='line_1_6' title="bbox 214 905 1356 1000; baseline 0.004 -22"><span class='ocrx_word' id='word_1_42' title='bbox 214 907 521 1000; x_wconf 81' lang='grc' dir='ltr'>ςέμπεριπατήσουσι,</span> <span class='ocrx_word' id='word_1_43' title='bbox 541 905 594 977; x_wconf 90' lang='grc' dir='ltr'>καὶ</span> <span class='ocrx_word' id='word_1_44' title='bbox 609 907 650 975; x_wconf 87' lang='grc' dir='ltr'>τοὶ</span> <span class='ocrx_word' id='word_1_45' title='bbox 668 905 756 976; x_wconf 83' lang='grc' dir='ltr'>τέκνα</span> <span class='ocrx_word' id='word_1_46' title='bbox 774 914 834 982; x_wconf 82' lang='grc' dir='ltr'>τοὶς</span> <span class='ocrx_word' id='word_1_47' title='bbox 847 909 977 996; x_wconf 73' lang='grc' dir='ltr'>γονεῦσιν</span> <span class='ocrx_word' id='word_1_48' title='bbox 999 910 1216 990; x_wconf 85' lang='grc' dir='ltr'>ἐπιβαλοῦνται</span> <span class='ocrx_word' id='word_1_49' title='bbox 1236 917 1356 1000; x_wconf 71' lang='grc' dir='ltr'>χεῖρας.</span> 
     </span>
     <span class='ocr_line' id='line_1_7' title="bbox 239 1018 1355 1114; baseline 0 -23"><span class='ocrx_word' id='word_1_50' title='bbox 239 1020 314 1114; x_wconf 79' lang='grc' dir='ltr'>γυννὶ</span> <span class='ocrx_word' id='word_1_51' title='bbox 338 1020 385 1091; x_wconf 87' lang='grc' dir='ltr'>τδν</span> <span class='ocrx_word' id='word_1_52' title='bbox 405 1021 472 1092; x_wconf 83' lang='grc' dir='ltr'>ίδιον</span> <span class='ocrx_word' id='word_1_53' title='bbox 493 1018 586 1111; x_wconf 81' lang='grc' dir='ltr'>οὶνδρα</span> <span class='ocrx_word' id='word_1_54' title='bbox 612 1020 782 1111; x_wconf 83' lang='grc' dir='ltr'>παραδοίσει</span> <span class='ocrx_word' id='word_1_55' title='bbox 805 1023 842 1094; x_wconf 82' lang='grc' dir='ltr'>εἷς</span> <span class='ocrx_word' id='word_1_56' title='bbox 863 1020 985 1091; x_wconf 87' lang='grc' dir='ltr'>θοίνατον</span> <span class='ocrx_word' id='word_1_57' title='bbox 1010 1020 1063 1092; x_wconf 91' lang='grc' dir='ltr'>καὶ</span> <span class='ocrx_word' id='word_1_58' title='bbox 1083 1018 1152 1114; x_wconf 73' lang='grc' dir='ltr'>οἰνήρ</span> <span class='ocrx_word' id='word_1_59' title='bbox 1175 1019 1224 1100; x_wconf 75' lang='grc' dir='ltr'>τήν</span> <span class='ocrx_word' id='word_1_60' title='bbox 1246 1025 1355 1093; x_wconf 83' lang='grc' dir='ltr'>ἑαυτοῦ</span> 
     </span>
     <span class='ocr_line' id='line_1_8' title="bbox 239 1131 1355 1229; baseline 0.001 -24"><span class='ocrx_word' id='word_1_61' title='bbox 239 1146 372 1229; x_wconf 77' lang='grc' dir='ltr'>γυναῒκα</span> <span class='ocrx_word' id='word_1_62' title='bbox 392 1135 438 1206; x_wconf 87' lang='grc' dir='ltr'>ἐπὶ</span> <span class='ocrx_word' id='word_1_63' title='bbox 461 1134 598 1226; x_wconf 91' lang='grc' dir='ltr'>κριτήριον</span> <span class='ocrx_word' id='word_1_64' title='bbox 624 1131 689 1228; x_wconf 74' lang='grc' dir='ltr'>οἷξοι</span> <span class='ocrx_word' id='word_1_65' title='bbox 711 1142 749 1208; x_wconf 79' lang='grc' dir='ltr'>ὡς</span> <span class='ocrx_word' id='word_1_66' title='bbox 769 1133 938 1217; x_wconf 81' lang='grc' dir='ltr'>ύπεοίθυνον,</span> <span class='ocrx_word' id='word_1_67' title='bbox 959 1134 1099 1207; x_wconf 85' lang='grc' dir='ltr'>δεσπίται</span> <span class='ocrx_word' id='word_1_68' title='bbox 1126 1139 1164 1212; x_wconf 80' lang='grc' dir='ltr'>εἷς</span> <span class='ocrx_word' id='word_1_69' title='bbox 1183 1137 1250 1212; x_wconf 81' lang='grc' dir='ltr'>τοῦς</span> <span class='ocrx_word' id='word_1_70' title='bbox 1269 1138 1355 1213; x_wconf 84' lang='grc' dir='ltr'>ι’δίους</span> 
     </span>
     <span class='ocr_line' id='line_1_9' title="bbox 240 1247 1355 1342; baseline 0.001 -20"><span class='ocrx_word' id='word_1_71' title='bbox 240 1251 366 1326; x_wconf 82' lang='grc' dir='ltr'>δοῦλους</span> <span class='ocrx_word' id='word_1_72' title='bbox 387 1250 573 1340; x_wconf 74' lang='grc' dir='ltr'>απένθρωποι</span> <span class='ocrx_word' id='word_1_73' title='bbox 592 1248 813 1328; x_wconf 83' lang='grc' dir='ltr'>αὐθεντήσονται</span> <span class='ocrx_word' id='word_1_74' title='bbox 839 1247 891 1320; x_wconf 88' lang='grc' dir='ltr'>καὶ</span> <span class='ocrx_word' id='word_1_75' title='bbox 911 1251 1012 1322; x_wconf 89' lang='grc' dir='ltr'>δοῦλοι</span> <span class='ocrx_word' id='word_1_76' title='bbox 1035 1249 1104 1342; x_wconf 87' lang='grc' dir='ltr'>πρδς</span> <span class='ocrx_word' id='word_1_77' title='bbox 1122 1248 1189 1325; x_wconf 79' lang='grc' dir='ltr'>τοῦς</span> <span class='ocrx_word' id='word_1_78' title='bbox 1208 1249 1355 1327; x_wconf 81' lang='grc' dir='ltr'>δεσπίτας</span> 
     </span>
     <span class='ocr_line' id='line_1_10' title="bbox 241 1364 1354 1457; baseline -0.003 -19"><span class='ocrx_word' id='word_1_79' title='bbox 241 1367 443 1439; x_wconf 70' lang='grc' dir='ltr'>ἀνυπότακτον</span> <span class='ocrx_word' id='word_1_80' title='bbox 471 1365 594 1434; x_wconf 86' lang='grc' dir='ltr'>διοίθεσιν</span> <span class='ocrx_word' id='word_1_81' title='bbox 625 1366 867 1457; x_wconf 87' lang='grc' dir='ltr'>περιβαλοῦνται.</span> <span class='ocrx_word' id='word_1_82' title='bbox 892 1367 1091 1457; x_wconf 74' lang='grc' dir='ltr'>πρεσβυτέρου</span> <span class='ocrx_word' id='word_1_83' title='bbox 1121 1364 1230 1437; x_wconf 89' lang='grc' dir='ltr'>πολιοὶν</span> <span class='ocrx_word' id='word_1_84' title='bbox 1262 1365 1354 1442; x_wconf 78' lang='grc' dir='ltr'>οὐδεὶς</span> 
     </span>
     <span class='ocr_line' id='line_1_11' title="bbox 201 1476 1354 1570; baseline 0 -20"><span class='ocrx_word' id='word_1_85' title='bbox 201 1512 228 1559; x_wconf 84' lang='grc' dir='ltr'>ηο</span> <span class='ocrx_word' id='word_1_86' title='bbox 242 1478 443 1560; x_wconf 84' lang='grc' dir='ltr'>αι’δοσθήσεται</span> <span class='ocrx_word' id='word_1_87' title='bbox 467 1478 519 1550; x_wconf 87' lang='grc' dir='ltr'>καὶ</span> <span class='ocrx_word' id='word_1_88' title='bbox 541 1477 672 1569; x_wconf 86' lang='grc' dir='ltr'>νεωτέρου</span> <span class='ocrx_word' id='word_1_89' title='bbox 691 1479 811 1555; x_wconf 87' lang='grc' dir='ltr'>κοίλλος</span> <span class='ocrx_word' id='word_1_90' title='bbox 829 1479 919 1554; x_wconf 81' lang='grc' dir='ltr'>οὐδεὶς</span> <span class='ocrx_word' id='word_1_91' title='bbox 940 1476 1151 1570; x_wconf 82' lang='grc' dir='ltr'>οἷκτειρήσεται.</span> <span class='ocrx_word' id='word_1_92' title='bbox 1177 1482 1203 1549; x_wconf 82' lang='grc' dir='ltr'>οἱ</span> <span class='ocrx_word' id='word_1_93' title='bbox 1216 1477 1278 1551; x_wconf 90' lang='grc' dir='ltr'>ναοὶ</span> <span class='ocrx_word' id='word_1_94' title='bbox 1298 1483 1354 1550; x_wconf 91' lang='grc' dir='ltr'>τοῦ</span> 
     </span>
     <span class='ocr_line' id='line_1_12' title="bbox 241 1591 1354 1685; baseline 0.001 -21"><span class='ocrx_word' id='word_1_95' title='bbox 241 1597 306 1665; x_wconf 87' lang='grc' dir='ltr'>θεοῦ</span> <span class='ocrx_word' id='word_1_96' title='bbox 331 1601 369 1668; x_wconf 81' lang='grc' dir='ltr'>ὡς</span> <span class='ocrx_word' id='word_1_97' title='bbox 390 1595 459 1664; x_wconf 83' lang='grc' dir='ltr'>οἶκοι</span> <span class='ocrx_word' id='word_1_98' title='bbox 481 1593 593 1663; x_wconf 79' lang='grc' dir='ltr'>ἔσονται</span> <span class='ocrx_word' id='word_1_99' title='bbox 613 1593 665 1663; x_wconf 87' lang='grc' dir='ltr'>καὶ</span> <span class='ocrx_word' id='word_1_100' title='bbox 685 1591 899 1685; x_wconf 86' lang='grc' dir='ltr'>καταστροφαὶ</span> <span class='ocrx_word' id='word_1_101' title='bbox 925 1599 979 1662; x_wconf 73' lang='grc' dir='ltr'>τῶν</span> <span class='ocrx_word' id='word_1_102' title='bbox 1005 1596 1166 1672; x_wconf 75' lang='grc' dir='ltr'>ἐκκλησιῶν</span> <span class='ocrx_word' id='word_1_103' title='bbox 1188 1597 1354 1685; x_wconf 82' lang='grc' dir='ltr'>πανταχοῦ</span> 
     </span>
     <span class='ocr_line' id='line_1_13' title="bbox 241 1706 1355 1801; baseline 0.001 -22"><span class='ocrx_word' id='word_1_104' title='bbox 241 1707 420 1800; x_wconf 88' lang='grc' dir='ltr'>γενήσονται.</span> <span class='ocrx_word' id='word_1_105' title='bbox 452 1709 486 1777; x_wconf 83' lang='grc' dir='ltr'>αὶ</span> <span class='ocrx_word' id='word_1_106' title='bbox 511 1707 634 1800; x_wconf 86' lang='grc' dir='ltr'>γραφαὶ</span> <span class='ocrx_word' id='word_1_107' title='bbox 664 1710 974 1800; x_wconf 86' lang='grc' dir='ltr'>καταφρονηθήσονται</span> <span class='ocrx_word' id='word_1_108' title='bbox 1004 1706 1057 1780; x_wconf 88' lang='grc' dir='ltr'>καὶ</span> <span class='ocrx_word' id='word_1_109' title='bbox 1088 1712 1140 1778; x_wconf 90' lang='grc' dir='ltr'>τοῦ</span> <span class='ocrx_word' id='word_1_110' title='bbox 1174 1711 1284 1801; x_wconf 81' lang='grc' dir='ltr'>ἐχθροῦ</span> <span class='ocrx_word' id='word_1_111' title='bbox 1312 1710 1355 1780; x_wconf 82' lang='grc' dir='ltr'>τοὶ</span> 
     </span>
     <span class='ocr_line' id='line_1_14' title="bbox 241 1821 1353 1916; baseline -0.003 -19"><span class='ocrx_word' id='word_1_112' title='bbox 241 1821 374 1914; x_wconf 84' lang='grc' dir='ltr'>οἶσματα</span> <span class='ocrx_word' id='word_1_113' title='bbox 394 1827 558 1910; x_wconf 81' lang='grc' dir='ltr'>πανταχοῦ</span> <span class='ocrx_word' id='word_1_114' title='bbox 582 1823 733 1916; x_wconf 68' lang='grc' dir='ltr'>ἐξοίσουσι.</span> <span class='ocrx_word' id='word_1_115' title='bbox 756 1831 883 1916; x_wconf 77' lang='grc' dir='ltr'>πορνεῖαι</span> <span class='ocrx_word' id='word_1_116' title='bbox 902 1821 955 1894; x_wconf 87' lang='grc' dir='ltr'>καὶ</span> <span class='ocrx_word' id='word_1_117' title='bbox 979 1831 1119 1912; x_wconf 71' lang='grc' dir='ltr'>μοιχεῖαι</span> <span class='ocrx_word' id='word_1_118' title='bbox 1141 1823 1194 1895; x_wconf 90' lang='grc' dir='ltr'>καὶ</span> <span class='ocrx_word' id='word_1_119' title='bbox 1213 1824 1353 1915; x_wconf 85' lang='grc' dir='ltr'>ἐπιορκίαι</span> 
     </span>
     <span class='ocr_line' id='line_1_15' title="bbox 243 1929 1382 2030; baseline 0 -21"><span class='ocrx_word' id='word_1_120' title='bbox 243 1942 304 2026; x_wconf 76' lang='grc' dir='ltr'>[τήν</span> <span class='ocrx_word' id='word_1_121' title='bbox 326 1941 382 2029; x_wconf 75' lang='grc' dir='ltr'>γῦν</span> <span class='ocrx_word' id='word_1_122' title='bbox 407 1935 611 2025; x_wconf 82' lang='grc' dir='ltr'>πληροίσουσι·</span> <span class='ocrx_word' id='word_1_123' title='bbox 643 1941 855 2030; x_wconf 75' lang='grc' dir='ltr'>φαρμακεῖαι]</span> <span class='ocrx_word' id='word_1_124' title='bbox 881 1935 934 2009; x_wconf 91' lang='grc' dir='ltr'>καὶ</span> <span class='ocrx_word' id='word_1_125' title='bbox 962 1938 1111 2009; x_wconf 85' lang='grc' dir='ltr'>ἐπαοιδίαι</span> <span class='ocrx_word' id='word_1_126' title='bbox 1137 1937 1190 2009; x_wconf 86' lang='grc' dir='ltr'>καὶ</span> <span class='ocrx_word' id='word_1_127' title='bbox 1214 1947 1354 2029; x_wconf 74' lang='grc' dir='ltr'>μαντεῖαι</span> <span class='ocrx_word' id='word_1_128' title='bbox 1378 1929 1382 1939; x_wconf 47' lang='grc'><strong>”</strong></span> 
     </span>
     <span class='ocr_line' id='line_1_16' title="bbox 203 2048 1353 2152; baseline -0.003 -28"><span class='ocrx_word' id='word_1_129' title='bbox 203 2086 230 2134; x_wconf 80' lang='lat'>1⁵</span> <span class='ocrx_word' id='word_1_130' title='bbox 244 2054 335 2124; x_wconf 83' lang='grc' dir='ltr'>δπίσω</span> <span class='ocrx_word' id='word_1_131' title='bbox 351 2051 458 2122; x_wconf 74' lang='grc' dir='ltr'>τούτων</span> <span class='ocrx_word' id='word_1_132' title='bbox 473 2053 610 2143; x_wconf 83' lang='grc' dir='ltr'>σφοδρῦς</span> <span class='ocrx_word' id='word_1_133' title='bbox 625 2050 677 2122; x_wconf 87' lang='grc' dir='ltr'>καὶ</span> <span class='ocrx_word' id='word_1_134' title='bbox 687 2048 845 2144; x_wconf 84' lang='grc' dir='ltr'>προθοίμως</span> <span class='ocrx_word' id='word_1_135' title='bbox 855 2053 1123 2152; x_wconf 72' lang='grc' dir='ltr'>ἐξακολουθήσουσι</span> <span class='ocrx_word' id='word_1_136' title='bbox 1133 2051 1185 2124; x_wconf 91' lang='grc' dir='ltr'>καὶ</span> <span class='ocrx_word' id='word_1_137' title='bbox 1194 2055 1263 2124; x_wconf 81' lang='grc' dir='ltr'>καθ’</span> <span class='ocrx_word' id='word_1_138' title='bbox 1279 2054 1353 2122; x_wconf 69' lang='grc' dir='ltr'>ὅλου</span> 
     </span>
     <span class='ocr_line' id='line_1_17' title="bbox 240 2162 1354 2260; baseline -0.002 -22"><span class='ocrx_word' id='word_1_139' title='bbox 240 2169 301 2239; x_wconf 82' lang='grc' dir='ltr'>οὶπδ</span> <span class='ocrx_word' id='word_1_140' title='bbox 320 2171 374 2238; x_wconf 81' lang='grc' dir='ltr'>τῦν</span> <span class='ocrx_word' id='word_1_141' title='bbox 397 2162 554 2237; x_wconf 79' lang='grc' dir='ltr'>δοκοῦντων</span> <span class='ocrx_word' id='word_1_142' title='bbox 574 2169 645 2238; x_wconf 77' lang='grc' dir='ltr'>εἶναι</span> <span class='ocrx_word' id='word_1_143' title='bbox 675 2167 843 2259; x_wconf 82' lang='grc' dir='ltr'>χριστιανοὶ</span> <span class='ocrx_word' id='word_1_144' title='bbox 866 2167 930 2239; x_wconf 86' lang='grc' dir='ltr'>τίτο</span> <span class='ocrx_word' id='word_1_145' title='bbox 959 2169 1161 2258; x_wconf 65' lang='grc' dir='ltr'>ἐγερθήσονται</span> <span class='ocrx_word' id='word_1_146' title='bbox 1186 2168 1354 2260; x_wconf 69' lang='grc' dir='ltr'>ψευδοπρο-</span> 
     </span>
     <span class='ocr_line' id='line_1_18' title="bbox 240 2277 1354 2377; baseline -0.002 -23"><span class='ocrx_word' id='word_1_147' title='bbox 240 2286 349 2377; x_wconf 70' lang='grc' dir='ltr'>φῆται,</span> <span class='ocrx_word' id='word_1_148' title='bbox 373 2280 640 2376; x_wconf 65' lang='grc' dir='ltr'>ψευδαπίστολοι,</span> <span class='ocrx_word' id='word_1_149' title='bbox 669 2279 786 2374; x_wconf 86' lang='grc' dir='ltr'>γίητες,</span> <span class='ocrx_word' id='word_1_150' title='bbox 815 2277 955 2373; x_wconf 82' lang='grc' dir='ltr'>οἶνθρωποι</span> <span class='ocrx_word' id='word_1_151' title='bbox 979 2283 1161 2376; x_wconf 80' lang='grc' dir='ltr'>φθοροποιοί,</span> <span class='ocrx_word' id='word_1_152' title='bbox 1192 2284 1354 2365; x_wconf 89' lang='grc' dir='ltr'>κακοποιοί,</span> 
     </span>
     <span class='ocr_line' id='line_1_19' title="bbox 239 2395 1354 2492; baseline -0.002 -24"><span class='ocrx_word' id='word_1_153' title='bbox 239 2399 419 2492; x_wconf 66' lang='grc' dir='ltr'>ψευδίμενοι</span> <span class='ocrx_word' id='word_1_154' title='bbox 446 2400 517 2466; x_wconf 88' lang='grc' dir='ltr'>κατ’</span> <span class='ocrx_word' id='word_1_155' title='bbox 547 2399 703 2479; x_wconf 80' lang='grc' dir='ltr'>οὶλλήλων,</span> <span class='ocrx_word' id='word_1_156' title='bbox 729 2397 844 2489; x_wconf 85' lang='grc' dir='ltr'>μοιχοί,</span> <span class='ocrx_word' id='word_1_157' title='bbox 867 2395 970 2486; x_wconf 85' lang='grc' dir='ltr'>πίρνοι,</span> <span class='ocrx_word' id='word_1_158' title='bbox 997 2398 1141 2486; x_wconf 74' lang='grc' dir='ltr'>α’ίρπαγες,</span> <span class='ocrx_word' id='word_1_159' title='bbox 1168 2398 1354 2480; x_wconf 70' lang='grc' dir='ltr'>πλεονέκτου,</span> 
     </span>
     <span class='ocr_line' id='line_1_20' title="bbox 241 2501 1355 2602; baseline 0.001 -21"><span class='ocrx_word' id='word_1_160' title='bbox 241 2514 379 2602; x_wconf 86' lang='grc' dir='ltr'>ἐπίορκοι,</span> <span class='ocrx_word' id='word_1_161' title='bbox 406 2511 584 2582; x_wconf 88' lang='grc' dir='ltr'>κατοίλαλοι</span> <span class='ocrx_word' id='word_1_162' title='bbox 608 2501 784 2597; x_wconf 62' lang='grc' dir='ltr'>’[οίλλήλους</span> <span class='ocrx_word' id='word_1_163' title='bbox 809 2515 989 2602; x_wconf 69' lang='grc' dir='ltr'>μισοῦντες]</span> <span class='ocrx_word' id='word_1_164' title='bbox 1017 2514 1042 2580; x_wconf 80' lang='grc' dir='ltr'>οὶ</span> <span class='ocrx_word' id='word_1_165' title='bbox 1059 2513 1192 2601; x_wconf 87' lang='grc' dir='ltr'>ποιμένες</span> <span class='ocrx_word' id='word_1_166' title='bbox 1209 2517 1247 2586; x_wconf 80' lang='grc' dir='ltr'>ὠς</span> <span class='ocrx_word' id='word_1_167' title='bbox 1266 2512 1355 2582; x_wconf 79' lang='grc' dir='ltr'>λῦκοι</span> 
     </span>
     <span class='ocr_line' id='line_1_21' title="bbox 198 2623 1355 2718; baseline -0.001 -23"><span class='ocrx_word' id='word_1_168' title='bbox 198 2661 225 2707; x_wconf 74' lang='lat'>2⁰</span> <span class='ocrx_word' id='word_1_169' title='bbox 239 2628 417 2716; x_wconf 86' lang='grc' dir='ltr'>γενήσονται.</span> <span class='ocrx_word' id='word_1_170' title='bbox 445 2627 490 2716; x_wconf 83' lang='grc' dir='ltr'>[οὶ</span> <span class='ocrx_word' id='word_1_171' title='bbox 506 2627 585 2716; x_wconf 75' lang='grc' dir='ltr'>ἱερεῖς</span> <span class='ocrx_word' id='word_1_172' title='bbox 609 2625 641 2696; x_wconf 91' lang='grc' dir='ltr'>τδ</span> <span class='ocrx_word' id='word_1_173' title='bbox 660 2625 774 2718; x_wconf 65' lang='grc' dir='ltr'>ψεῦδος</span> <span class='ocrx_word' id='word_1_174' title='bbox 798 2623 1015 2717; x_wconf 71' lang='grc' dir='ltr'>οἰσποίσονται]</span> <span class='ocrx_word' id='word_1_175' title='bbox 1042 2629 1068 2696; x_wconf 80' lang='grc' dir='ltr'>οὶ</span> <span class='ocrx_word' id='word_1_176' title='bbox 1082 2624 1217 2715; x_wconf 83' lang='grc' dir='ltr'>μοναχοὶ</span> <span class='ocrx_word' id='word_1_177' title='bbox 1242 2627 1282 2697; x_wconf 84' lang='grc' dir='ltr'>τοὶ</span> <span class='ocrx_word' id='word_1_178' title='bbox 1301 2628 1355 2695; x_wconf 92' lang='grc' dir='ltr'>τοῦ</span> 
     </span>
     <span class='ocr_line' id='line_1_22' title="bbox 241 2737 1355 2832; baseline -0.003 -20"><span class='ocrx_word' id='word_1_179' title='bbox 241 2738 358 2832; x_wconf 78' lang='grc' dir='ltr'>κήσμου</span> <span class='ocrx_word' id='word_1_180' title='bbox 378 2738 560 2816; x_wconf 86' lang='grc' dir='ltr'>ποθήσουσιν.</span> <span class='ocrx_word' id='word_1_181' title='bbox 583 2743 608 2810; x_wconf 80' lang='grc' dir='ltr'>οἱ</span> <span class='ocrx_word' id='word_1_182' title='bbox 631 2737 768 2810; x_wconf 82' lang='grc' dir='ltr'>πλοοίσιοι</span> <span class='ocrx_word' id='word_1_183' title='bbox 794 2741 1017 2831; x_wconf 81' lang='grc' dir='ltr'>οὶσπλαγχνίαν</span> <span class='ocrx_word' id='word_1_184' title='bbox 1044 2741 1219 2811; x_wconf 72' lang='grc' dir='ltr'>ἐνδὶίσονται.</span> <span class='ocrx_word' id='word_1_185' title='bbox 1251 2743 1276 2811; x_wconf 80' lang='grc' dir='ltr'>οἱ</span> <span class='ocrx_word' id='word_1_186' title='bbox 1301 2737 1355 2829; x_wconf 82' lang='grc' dir='ltr'>αἶρ-</span> 
     </span>
     <span class='ocr_line' id='line_1_23' title="bbox 240 2853 1355 2946; baseline -0.004 -19"><span class='ocrx_word' id='word_1_187' title='bbox 240 2886 346 2946; x_wconf 84' lang='grc' dir='ltr'>χοντες</span> <span class='ocrx_word' id='word_1_188' title='bbox 369 2857 488 2945; x_wconf 70' lang='grc' dir='ltr'>πτωχῷ</span> <span class='ocrx_word' id='word_1_189' title='bbox 516 2859 548 2924; x_wconf 82' lang='grc' dir='ltr'>οὐ</span> <span class='ocrx_word' id='word_1_190' title='bbox 580 2855 780 2936; x_wconf 88' lang='grc' dir='ltr'>βοηθήσουσιν.</span> <span class='ocrx_word' id='word_1_191' title='bbox 809 2856 835 2924; x_wconf 81' lang='grc' dir='ltr'>οὶ</span> <span class='ocrx_word' id='word_1_192' title='bbox 859 2856 1003 2924; x_wconf 77' lang='grc' dir='ltr'>δὶινοίσται</span> <span class='ocrx_word' id='word_1_193' title='bbox 1037 2853 1200 2945; x_wconf 82' lang='grc' dir='ltr'>οἷκτιρμοῦς</span> <span class='ocrx_word' id='word_1_194' title='bbox 1230 2858 1355 2936; x_wconf 88' lang='grc' dir='ltr'>οἰποβα-</span> 
     </span>
     <span class='ocr_line' id='line_1_24' title="bbox 241 2960 1353 3061; baseline -0.007 -17"><span class='ocrx_word' id='word_1_195' title='bbox 241 2975 374 3044; x_wconf 89' lang='grc' dir='ltr'>λοῦνται.</span> <span class='ocrx_word' id='word_1_196' title='bbox 399 2973 425 3040; x_wconf 76' lang='grc' dir='ltr'>οἱ</span> <span class='ocrx_word' id='word_1_197' title='bbox 449 2960 544 3060; x_wconf 80' lang='grc' dir='ltr'>κρὶταὶ</span> <span class='ocrx_word' id='word_1_198' title='bbox 562 2971 596 3038; x_wconf 89' lang='grc' dir='ltr'>τδ</span> <span class='ocrx_word' id='word_1_199' title='bbox 618 2968 733 3039; x_wconf 91' lang='grc' dir='ltr'>δίκαιον</span> <span class='ocrx_word' id='word_1_200' title='bbox 757 2972 790 3038; x_wconf 86' lang='grc' dir='ltr'>ἐκ</span> <span class='ocrx_word' id='word_1_201' title='bbox 806 2973 860 3038; x_wconf 88' lang='grc' dir='ltr'>τοῦ</span> <span class='ocrx_word' id='word_1_202' title='bbox 885 2971 998 3040; x_wconf 87' lang='grc' dir='ltr'>δικαίου</span> <span class='ocrx_word' id='word_1_203' title='bbox 1021 2973 1123 3061; x_wconf 77' lang='grc' dir='ltr'>ἐροῦσι</span> <span class='ocrx_word' id='word_1_204' title='bbox 1145 2968 1274 3043; x_wconf 76' lang='grc' dir='ltr'>καὶτοῖς</span> <span class='ocrx_word' id='word_1_205' title='bbox 1297 2971 1353 3037; x_wconf 80' lang='grc' dir='ltr'>δαί·</span> 
     </span>
     <span class='ocr_line' id='line_1_25' title="bbox 241 3081 1354 3179; baseline -0.004 -23"><span class='ocrx_word' id='word_1_206' title='bbox 241 3116 297 3179; x_wconf 88' lang='grc' dir='ltr'>ροις</span> <span class='ocrx_word' id='word_1_207' title='bbox 321 3088 558 3176; x_wconf 81' lang='grc' dir='ltr'>ἐκτυφλοῦμενοι</span> <span class='ocrx_word' id='word_1_208' title='bbox 587 3084 702 3154; x_wconf 80' lang='grc' dir='ltr'>οἰδικίαν</span> <span class='ocrx_word' id='word_1_209' title='bbox 732 3082 955 3156; x_wconf 68' lang='grc' dir='ltr'>ἐπιστήσονται.</span> <span class='ocrx_word' id='word_1_210' title='bbox 1001 3085 1033 3152; x_wconf 87' lang='grc'>8.</span> <span class='ocrx_word' id='word_1_211' title='bbox 1056 3082 1108 3154; x_wconf 87' lang='grc' dir='ltr'>καὶ</span> <span class='ocrx_word' id='word_1_212' title='bbox 1135 3085 1167 3154; x_wconf 90' lang='grc' dir='ltr'>τί</span> <span class='ocrx_word' id='word_1_213' title='bbox 1189 3086 1271 3173; x_wconf 80' lang='grc' dir='ltr'>λέγω</span> <span class='ocrx_word' id='word_1_214' title='bbox 1291 3081 1354 3174; x_wconf 87' lang='grc' dir='ltr'>περὶ</span> 
     </span>
     <span class='ocr_line' id='line_1_26' title="bbox 201 3195 1356 3293; baseline -0.002 -24"><span class='ocrx_word' id='word_1_215' title='bbox 201 3199 406 3289; x_wconf 61' lang='grc' dir='ltr'>ηςοίνθροίπων,</span> <span class='ocrx_word' id='word_1_216' title='bbox 427 3199 500 3268; x_wconf 78' lang='grc' dir='ltr'>δ’που</span> <span class='ocrx_word' id='word_1_217' title='bbox 511 3196 563 3267; x_wconf 90' lang='grc' dir='ltr'>καὶ</span> <span class='ocrx_word' id='word_1_218' title='bbox 578 3195 659 3267; x_wconf 79' lang='grc' dir='ltr'>αὐτοὶ</span> <span class='ocrx_word' id='word_1_219' title='bbox 670 3195 711 3269; x_wconf 83' lang='grc' dir='ltr'>τοὶ</span> <span class='ocrx_word' id='word_1_220' title='bbox 727 3207 866 3287; x_wconf 80' lang='grc' dir='ltr'>στοιχεῖα</span> <span class='ocrx_word' id='word_1_221' title='bbox 883 3196 932 3276; x_wconf 75' lang='grc' dir='ltr'>τήν</span> <span class='ocrx_word' id='word_1_222' title='bbox 951 3200 1053 3268; x_wconf 75' lang='grc' dir='ltr'>οἰκείων</span> <span class='ocrx_word' id='word_1_223' title='bbox 1073 3195 1157 3293; x_wconf 70' lang='grc' dir='ltr'>τοίξιν</span> <span class='ocrx_word' id='word_1_224' title='bbox 1170 3199 1356 3290; x_wconf 73' lang='grc' dir='ltr'>οἰρνήσονταις</span> 
     </span>
     <span class='ocr_line' id='line_1_27' title="bbox 240 3308 1354 3406; baseline -0.005 -20"><span class='ocrx_word' id='word_1_225' title='bbox 240 3313 358 3404; x_wconf 82' lang='grc' dir='ltr'>σεισμοὶ</span> <span class='ocrx_word' id='word_1_226' title='bbox 382 3311 482 3403; x_wconf 86' lang='grc' dir='ltr'>[κατοὶ</span> <span class='ocrx_word' id='word_1_227' title='bbox 501 3315 604 3381; x_wconf 83' lang='grc' dir='ltr'>ποῒσαν</span> <span class='ocrx_word' id='word_1_228' title='bbox 624 3312 723 3394; x_wconf 72' lang='grc' dir='ltr'>πόλιν,</span> <span class='ocrx_word' id='word_1_229' title='bbox 748 3310 866 3404; x_wconf 90' lang='grc' dir='ltr'>λοιμοὶ]</span> <span class='ocrx_word' id='word_1_230' title='bbox 890 3311 936 3383; x_wconf 89' lang='grc' dir='ltr'>ἐπὶ</span> <span class='ocrx_word' id='word_1_231' title='bbox 963 3318 1067 3384; x_wconf 85' lang='grc' dir='ltr'>ποῒσαν</span> <span class='ocrx_word' id='word_1_232' title='bbox 1090 3311 1211 3404; x_wconf 75' lang='grc' dir='ltr'>χοίρων,</span> <span class='ocrx_word' id='word_1_233' title='bbox 1235 3308 1354 3406; x_wconf 88' lang='grc' dir='ltr'>βρονταὶ</span> 
     </span>
    </p>
   </div>
   <div class='ocr_carea' id='block_1_3' title="bbox 240 3425 1353 3536">
    <p class='ocr_par' dir='ltr' id='par_1_3' title="bbox 240 3425 1353 3536">
     <span class='ocr_line' id='line_1_28' title="bbox 240 3425 1353 3536; baseline -0.008 -32"><span class='ocrx_word' id='word_1_234' title='bbox 240 3429 362 3524; x_wconf 80' lang='grc' dir='ltr'>οἷμετροι</span> <span class='ocrx_word' id='word_1_235' title='bbox 389 3427 442 3500; x_wconf 89' lang='grc' dir='ltr'>καὶ</span> <span class='ocrx_word' id='word_1_236' title='bbox 464 3426 595 3521; x_wconf 82' lang='grc' dir='ltr'>φοβεραὶ</span> <span class='ocrx_word' id='word_1_237' title='bbox 618 3426 773 3519; x_wconf 67' lang='grc' dir='ltr'>ἀστραπαὶ</span> <span class='ocrx_word' id='word_1_238' title='bbox 793 3425 886 3503; x_wconf 84' lang='grc' dir='ltr'>οίκους</span> <span class='ocrx_word' id='word_1_239' title='bbox 908 3426 961 3498; x_wconf 89' lang='grc' dir='ltr'>καὶ</span> <span class='ocrx_word' id='word_1_240' title='bbox 987 3426 1097 3536; x_wconf 84' lang='grc' dir='ltr'>οἰγροοὶς</span> <span class='ocrx_word' id='word_1_241' title='bbox 1122 3430 1353 3509; x_wconf 89' lang='grc' dir='ltr'>κατακαίουσαι,</span> 
     </span>
    </p>
   </div>
   <div class='ocr_carea' id='block_1_4' title="bbox 239 3668 1355 4293">
    <p class='ocr_par' dir='ltr' id='par_1_4' title="bbox 239 3668 1355 4293">
     <span class='ocr_line' id='line_1_29' title="bbox 315 3668 1353 3743; baseline -0.009 -15"><span class='ocrx_word' id='word_1_242' title='bbox 315 3680 329 3728; x_wconf 99' lang='grc'><strong>1</strong></span> <span class='ocrx_word' id='word_1_243' title='bbox 343 3674 487 3743; x_wconf 80' lang='grc' dir='ltr'>γενησομένην</span> <span class='ocrx_word' id='word_1_244' title='bbox 499 3676 528 3739; x_wconf 92' lang='grc' dir='ltr'>Ρ,</span> <span class='ocrx_word' id='word_1_245' title='bbox 542 3675 656 3736; x_wconf 79' lang='grc' dir='ltr'>γεγονυῖαν</span> <span class='ocrx_word' id='word_1_246' title='bbox 668 3674 771 3739; x_wconf 72' lang='grc' dir='ltr'>Μυσοὶ,</span> <span class='ocrx_word' id='word_1_247' title='bbox 784 3673 887 3741; x_wconf 74' lang='grc' dir='ltr'>ἐσομένην</span> <span class='ocrx_word' id='word_1_248' title='bbox 898 3671 925 3726; x_wconf 90' lang='lat' dir='ltr'>b.</span> <span class='ocrx_word' id='word_1_249' title='bbox 943 3668 953 3724; x_wconf 88' lang='grc' dir='ltr'>ΙΙ</span> <span class='ocrx_word' id='word_1_250' title='bbox 970 3675 987 3724; x_wconf 74' lang='lat'>2</span> <span class='ocrx_word' id='word_1_251' title='bbox 1000 3670 1038 3733; x_wconf 72' lang='grc' dir='ltr'>τήν</span> <span class='ocrx_word' id='word_1_252' title='bbox 1096 3671 1191 3741; x_wconf 84' lang='grc' dir='ltr'>ιὐαστρ.</span> <span class='ocrx_word' id='word_1_253' title='bbox 1204 3674 1234 3737; x_wconf 90' lang='grc' dir='ltr'>Ρ,</span> <span class='ocrx_word' id='word_1_254' title='bbox 1247 3669 1353 3737; x_wconf 79' lang='grc' dir='ltr'>διαστρο·</span> 
     </span>
     <span class='ocr_line' id='line_1_30' title="bbox 239 3756 1354 3838; baseline -0.008 -20"><span class='ocrx_word' id='word_1_255' title='bbox 239 3764 284 3838; x_wconf 76' lang='grc' dir='ltr'>φνὶη</span> <span class='ocrx_word' id='word_1_256' title='bbox 296 3765 338 3818; x_wconf 86' lang='grc' dir='ltr'>καὶ</span> <span class='ocrx_word' id='word_1_257' title='bbox 351 3763 436 3833; x_wconf 77' lang='grc' dir='ltr'>φθοραὶν</span> <span class='ocrx_word' id='word_1_258' title='bbox 448 3764 473 3818; x_wconf 82' lang='lat' dir='ltr'>h.</span> <span class='ocrx_word' id='word_1_259' title='bbox 495 3761 506 3815; x_wconf 82' lang='grc' dir='ltr'>ὶΙ</span> <span class='ocrx_word' id='word_1_260' title='bbox 525 3759 544 3816; x_wconf 71' lang='lat' dir='ltr'>ll</span> <span class='ocrx_word' id='word_1_261' title='bbox 562 3763 629 3815; x_wconf 85' lang='grc' dir='ltr'>ιἰννπ.</span> <span class='ocrx_word' id='word_1_262' title='bbox 649 3758 708 3814; x_wconf 75' lang='grc' dir='ltr'>διοίθ.</span> <span class='ocrx_word' id='word_1_263' title='bbox 721 3765 751 3829; x_wconf 90' lang='grc' dir='ltr'>Ρ,</span> <span class='ocrx_word' id='word_1_264' title='bbox 765 3761 873 3834; x_wconf 79' lang='grc' dir='ltr'>οἰταξίοιν.</span> <span class='ocrx_word' id='word_1_265' title='bbox 892 3761 933 3814; x_wconf 86' lang='grc' dir='ltr'>καὶ</span> <span class='ocrx_word' id='word_1_266' title='bbox 952 3765 1022 3828; x_wconf 78' lang='grc' dir='ltr'>γονεῖς</span> <span class='ocrx_word' id='word_1_267' title='bbox 1039 3762 1071 3814; x_wconf 85' lang='grc' dir='ltr'>τδ</span> <span class='ocrx_word' id='word_1_268' title='bbox 1089 3763 1158 3814; x_wconf 79' lang='grc' dir='ltr'>τέκνα</span> <span class='ocrx_word' id='word_1_269' title='bbox 1175 3756 1300 3830; x_wconf 81' lang='grc' dir='ltr'>μισήσουσι</span> <span class='ocrx_word' id='word_1_270' title='bbox 1312 3757 1354 3810; x_wconf 86' lang='grc' dir='ltr'>καὶ</span> 
     </span>
     <span class='ocr_line' id='line_1_31' title="bbox 239 3846 1349 3922; baseline -0.001 -14"><span class='ocrx_word' id='word_1_271' title='bbox 239 3862 308 3913; x_wconf 74' lang='grc' dir='ltr'>τέκνα</span> <span class='ocrx_word' id='word_1_272' title='bbox 317 3861 364 3914; x_wconf 77' lang='grc' dir='ltr'>τοῖς</span> <span class='ocrx_word' id='word_1_273' title='bbox 375 3858 471 3921; x_wconf 78' lang='grc' dir='ltr'>γονεῦσιν</span> <span class='ocrx_word' id='word_1_274' title='bbox 489 3849 662 3913; x_wconf 64' lang='grc' dir='ltr'>ἐπιβάλλονται</span> <span class='ocrx_word' id='word_1_275' title='bbox 673 3857 756 3922; x_wconf 76' lang='grc' dir='ltr'>χεῖρας</span> <span class='ocrx_word' id='word_1_276' title='bbox 769 3855 792 3906; x_wconf 81' lang='lat' dir='ltr'>b.</span> <span class='ocrx_word' id='word_1_277' title='bbox 818 3853 828 3906; x_wconf 91' lang='grc' dir='ltr'>ΙΙ</span> <span class='ocrx_word' id='word_1_278' title='bbox 857 3852 872 3910; x_wconf 80' lang='grc'><strong>7</strong></span> <span class='ocrx_word' id='word_1_279' title='bbox 892 3855 968 3909; x_wconf 81' lang='grc' dir='ltr'>εἰς...</span> <span class='ocrx_word' id='word_1_280' title='bbox 983 3851 1068 3906; x_wconf 63' lang='lat' dir='ltr'><em>adom.</em></span> <span class='ocrx_word' id='word_1_281' title='bbox 1081 3856 1111 3920; x_wconf 86' lang='grc' dir='ltr'>Ρ,</span> <span class='ocrx_word' id='word_1_282' title='bbox 1124 3846 1349 3922; x_wconf 72' lang='grc' dir='ltr'>πρδςτοιὶςδοθλους</span> 
     </span>
     <span class='ocr_line' id='line_1_32' title="bbox 240 3936 1354 4016; baseline -0.01 -13"><span class='ocrx_word' id='word_1_283' title='bbox 240 3948 402 4016; x_wconf 68' lang='grc' dir='ltr'>ἀπανθρωπίαν</span> <span class='ocrx_word' id='word_1_284' title='bbox 419 3942 540 4006; x_wconf 82' lang='grc' dir='ltr'>κτήσονται</span> <span class='ocrx_word' id='word_1_285' title='bbox 559 3946 589 4011; x_wconf 88' lang='lat' dir='ltr'>b,</span> <span class='ocrx_word' id='word_1_286' title='bbox 607 3943 768 4014; x_wconf 71' lang='grc' dir='ltr'>ἀπανθρωπίαν</span> <span class='ocrx_word' id='word_1_287' title='bbox 785 3940 906 4003; x_wconf 78' lang='grc' dir='ltr'>κτήσονται</span> <span class='ocrx_word' id='word_1_288' title='bbox 919 3946 1011 4000; x_wconf 82' lang='grc' dir='ltr'>Μυσοὶ.</span> <span class='ocrx_word' id='word_1_289' title='bbox 1025 3941 1112 4016; x_wconf 81' lang='grc' dir='ltr'>[εἰυ.].</span> <span class='ocrx_word' id='word_1_290' title='bbox 1134 3941 1145 3998; x_wconf 88' lang='grc' dir='ltr'>ὶΙ</span> <span class='ocrx_word' id='word_1_291' title='bbox 1169 3947 1203 3997; x_wconf 88' lang='grc'>10</span> <span class='ocrx_word' id='word_1_292' title='bbox 1222 3936 1354 4011; x_wconf 72' lang='grc' dir='ltr'>οἰκτειρήσω</span> 
     </span>
     <span class='ocr_line' id='line_1_33' title="bbox 239 4028 1355 4109; baseline -0.01 -14"><span class='ocrx_word' id='word_1_293' title='bbox 239 4042 264 4096; x_wconf 79' lang='lat' dir='ltr'>b.</span> <span class='ocrx_word' id='word_1_294' title='bbox 277 4039 288 4094; x_wconf 97' lang='grc'>11</span> <span class='ocrx_word' id='word_1_295' title='bbox 307 4040 341 4093; x_wconf 73' lang='grc'>12</span> <span class='ocrx_word' id='word_1_296' title='bbox 355 4038 436 4109; x_wconf 73' lang='grc' dir='ltr'>ἐχθροῦ</span> <span class='ocrx_word' id='word_1_297' title='bbox 449 4041 479 4105; x_wconf 91' lang='grc' dir='ltr'>Ρ,</span> <span class='ocrx_word' id='word_1_298' title='bbox 493 4031 609 4098; x_wconf 74' lang='grc' dir='ltr'>διαβόλου</span> <span class='ocrx_word' id='word_1_299' title='bbox 623 4037 647 4092; x_wconf 92' lang='lat' dir='ltr'>b.</span> <span class='ocrx_word' id='word_1_300' title='bbox 665 4032 676 4088; x_wconf 90' lang='grc' dir='ltr'>ΙΙ</span> <span class='ocrx_word' id='word_1_301' title='bbox 700 4028 733 4088; x_wconf 69' lang='grc'>14</span> <span class='ocrx_word' id='word_1_302' title='bbox 754 4031 796 4107; x_wconf 94' lang='grc'>[]</span> <span class='ocrx_word' id='word_1_303' title='bbox 811 4037 895 4108; x_wconf 81' lang='lat' dir='ltr'><strong>suppl.</strong></span> <span class='ocrx_word' id='word_1_304' title='bbox 908 4036 1044 4089; x_wconf 83' lang='lat' dir='ltr'><strong>Fabricius</strong></span> <span class='ocrx_word' id='word_1_305' title='bbox 1058 4054 1092 4089; x_wconf 78' lang='lat' dir='ltr'>ex</span> <span class='ocrx_word' id='word_1_306' title='bbox 1104 4036 1128 4090; x_wconf 87' lang='lat' dir='ltr'>b.</span> <span class='ocrx_word' id='word_1_307' title='bbox 1145 4032 1156 4088; x_wconf 87' lang='grc' dir='ltr'>ὶΙ</span> <span class='ocrx_word' id='word_1_308' title='bbox 1174 4030 1210 4088; x_wconf 88' lang='grc'>16</span> <span class='ocrx_word' id='word_1_309' title='bbox 1221 4035 1355 4104; x_wconf 75' lang='grc' dir='ltr'>χριστιανοῒν</span> 
     </span>
     <span class='ocr_line' id='line_1_34' title="bbox 239 4118 1354 4198; baseline -0.009 -14"><span class='ocrx_word' id='word_1_310' title='bbox 239 4131 262 4184; x_wconf 87' lang='lat' dir='ltr'>b.</span> <span class='ocrx_word' id='word_1_311' title='bbox 273 4128 284 4184; x_wconf 90' lang='grc' dir='ltr'>ΙΙ</span> <span class='ocrx_word' id='word_1_312' title='bbox 304 4127 337 4184; x_wconf 84' lang='grc'>16</span> <span class='ocrx_word' id='word_1_313' title='bbox 350 4129 420 4197; x_wconf 78' lang='grc' dir='ltr'>ἐγερθ.</span> <span class='ocrx_word' id='word_1_314' title='bbox 434 4133 463 4194; x_wconf 92' lang='grc' dir='ltr'>Ρ,</span> <span class='ocrx_word' id='word_1_315' title='bbox 477 4128 564 4181; x_wconf 74' lang='grc' dir='ltr'>ἔσονται</span> <span class='ocrx_word' id='word_1_316' title='bbox 577 4130 593 4182; x_wconf 92' lang='lat' dir='ltr'>b</span> <span class='ocrx_word' id='word_1_317' title='bbox 607 4128 700 4181; x_wconf 80' lang='grc' dir='ltr'>Μοτοὶ.</span> <span class='ocrx_word' id='word_1_318' title='bbox 713 4122 723 4179; x_wconf 88' lang='grc' dir='ltr'>ὶΙ</span> <span class='ocrx_word' id='word_1_319' title='bbox 743 4122 776 4178; x_wconf 89' lang='grc'>16</span> <span class='ocrx_word' id='word_1_320' title='bbox 789 4120 846 4177; x_wconf 81' lang='grc' dir='ltr'>τίτε</span> <span class='ocrx_word' id='word_1_321' title='bbox 859 4145 910 4181; x_wconf 86' lang='lat' dir='ltr'>om.</span> <span class='ocrx_word' id='word_1_322' title='bbox 921 4129 987 4181; x_wconf 85' lang='lat' dir='ltr'>Mor.</span> <span class='ocrx_word' id='word_1_323' title='bbox 999 4122 1009 4179; x_wconf 96' lang='grc' dir='ltr'>ΙΙ</span> <span class='ocrx_word' id='word_1_324' title='bbox 1028 4118 1215 4198; x_wconf 72' lang='lat' dir='ltr'><strong>19[]ut14.</strong></span> <span class='ocrx_word' id='word_1_325' title='bbox 1232 4121 1243 4178; x_wconf 88' lang='grc' dir='ltr'>ὶὶ</span> <span class='ocrx_word' id='word_1_326' title='bbox 1261 4126 1303 4176; x_wconf 80' lang='lat'>20.</span> <span class='ocrx_word' id='word_1_327' title='bbox 1317 4118 1354 4174; x_wconf 79' lang='lat'>26</span> 
     </span>
     <span class='ocr_line' id='line_1_35' title="bbox 240 4208 1355 4293; baseline -0.005 -18"><span class='ocrx_word' id='word_1_328' title='bbox 240 4217 274 4293; x_wconf 79' lang='lat' dir='ltr'>[J</span> <span class='ocrx_word' id='word_1_329' title='bbox 287 4214 366 4275; x_wconf 74' lang='grc'>11114.</span> <span class='ocrx_word' id='word_1_330' title='bbox 382 4218 392 4274; x_wconf 97' lang='grc' dir='ltr'>ΙΙ</span> <span class='ocrx_word' id='word_1_331' title='bbox 406 4213 441 4273; x_wconf 71' lang='lat'>24</span> <span class='ocrx_word' id='word_1_332' title='bbox 453 4219 507 4291; x_wconf 80' lang='grc' dir='ltr'>περὶ</span> <span class='ocrx_word' id='word_1_333' title='bbox 521 4221 545 4284; x_wconf 88' lang='lat' dir='ltr'>b,</span> <span class='ocrx_word' id='word_1_334' title='bbox 558 4215 607 4272; x_wconf 82' lang='grc' dir='ltr'>οὶπδ</span> <span class='ocrx_word' id='word_1_335' title='bbox 618 4221 647 4273; x_wconf 87' lang='grc' dir='ltr'>Ρ.</span> <span class='ocrx_word' id='word_1_336' title='bbox 659 4215 669 4272; x_wconf 91' lang='grc' dir='ltr'>ΙΙ</span> <span class='ocrx_word' id='word_1_337' title='bbox 687 4220 721 4271; x_wconf 82' lang='lat'>25</span> <span class='ocrx_word' id='word_1_338' title='bbox 738 4213 795 4271; x_wconf 79' lang='grc' dir='ltr'>ὅπου</span> <span class='ocrx_word' id='word_1_339' title='bbox 809 4228 836 4272; x_wconf 76' lang='lat' dir='ltr'>et</span> <span class='ocrx_word' id='word_1_340' title='bbox 843 4215 907 4271; x_wconf 76' lang='grc' dir='ltr'>αὐτοὶ</span> <span class='ocrx_word' id='word_1_341' title='bbox 920 4237 970 4273; x_wconf 83' lang='lat' dir='ltr'>om·</span> <span class='ocrx_word' id='word_1_342' title='bbox 980 4217 1004 4272; x_wconf 73' lang='lat' dir='ltr'>b.</span> <span class='ocrx_word' id='word_1_343' title='bbox 1017 4215 1028 4272; x_wconf 88' lang='grc' dir='ltr'>ὶὶ</span> <span class='ocrx_word' id='word_1_344' title='bbox 1046 4211 1187 4288; x_wconf 73' lang='grc' dir='ltr'>27θμττροι</span> <span class='ocrx_word' id='word_1_345' title='bbox 1198 4217 1224 4287; x_wconf 80' lang='lat' dir='ltr'>b,</span> <span class='ocrx_word' id='word_1_346' title='bbox 1237 4208 1316 4287; x_wconf 65' lang='grc' dir='ltr'>ἄνεμοι</span> <span class='ocrx_word' id='word_1_347' title='bbox 1325 4214 1355 4270; x_wconf 84' lang='grc' dir='ltr'>Ρ.</span> 
     </span>
    </p>
   </div>
   <div class='ocr_carea' id='block_1_5' title="bbox 0 0 1489 4964">
    <p class='ocr_par' dir='ltr' id='par_1_5' title="bbox 0 0 1489 4964">
     <span class='ocr_line' id='line_1_36' title="bbox 0 0 1489 4964; baseline 0 0"><span class='ocrx_word' id='word_1_348' title='bbox 0 0 1489 4964; x_wconf 95' lang='lat' dir='ltr'> </span> 
     </span>
    </p>
   </div>
  </div>
 </body>
</html>
