2962 4964
203 319 259 360 xtv

179 488 309 548 ycerent.
345 474 406 550 Qui
427 496 492 535 cum
505 476 633 557 percussi
647 475 780 550 luissent,
796 477 880 537 iussit
895 497 1014 558 corpora
1030 475 1133 538 eorum
1143 489 1221 536 extra
1243 499 1304 536 amu

202 583 393 664 phitheatrum
406 583 537 664 proiciet
550 582 692 642 inhumata
704 583 817 643 canibus
835 584 1004 663 derelinqui,
1019 605 1090 665 quae
1102 597 1216 644 noctua
1228 584 1303 643 chri-

203 689 302 749 stianis
317 689 425 750 sublata
438 702 504 749 sunt
519 701 549 749 et
562 690 656 771 posita
675 690 705 749 in
725 691 865 750 cimiterio
881 690 951 770 [sic]
967 691 1102 751 Pontiani
1118 692 1163 752 die
1178 693 1225 750 111
1238 691 1302 750 Kal.

202 795 279 879 Aug.
314 799 387 858 Post
400 797 469 857 haec
482 809 577 856 autem
592 797 676 857 iussit
696 798 730 857 ad
746 820 776 858 se
791 798 890 857 adduci
905 798 1031 879 Xystum
1044 798 1124 858 urbis
1139 799 1304 880 episcopum

176 917 232 981 5et
258 906 297 964 ait
325 907 366 965 eit
403 903 531 964 Consule
556 906 698 964 senectuti
723 917 789 964 tuae
818 918 847 965 et
869 906 993 965 sacrifica
1020 905 1083 965 diis.
1126 905 1181 966 Cui
1203 905 1302 966 beatus

201 1013 312 1094 Xystus
339 1012 515 1073 confidenter
540 1011 579 1070 ita
606 1012 753 1093 respondit
781 1012 894 1073 dicens:
930 1013 986 1072 Isti
1007 1012 1046 1071 dii
1067 1034 1126 1072 nou
1148 1024 1231 1088 suut,
1255 1013 1304 1071 sed

201 1119 310 1201 effigies
332 1120 394 1179 sine
409 1140 490 1194 voce,
505 1118 611 1196 absque
626 1119 739 1195 auditu,
762 1118 867 1198 absque
882 1119 961 1195 visu,
984 1118 1090 1199 absque
1105 1142 1215 1203 gressu.
1237 1131 1305 1179 sunt

200 1226 284 1307 plane
296 1226 400 1306 lapides
411 1226 573 1301 miserrimi,
588 1247 673 1305 opera
687 1247 818 1285 manuum
831 1226 988 1302 hominum,
1002 1226 1145 1286 modulata
1161 1227 1230 1306 [sic]
1244 1239 1305 1286 arte

202 1334 369 1413 composita,
392 1344 421 1391 et
442 1333 471 1391 in
494 1354 671 1412 quocumque
686 1332 750 1393 loco
764 1333 882 1392 arbitrio
896 1332 1018 1393 humano
1033 1334 1166 1393 derelicta
1187 1335 1304 1408 luerint,

165 1462 233 1511 rose
253 1461 369 1500 movere
390 1461 448 1499 non
469 1452 602 1519 possunt,
623 1440 663 1498 ita
683 1451 716 1498 ut
737 1461 771 1498 ex
791 1461 847 1499 uua
867 1441 1021 1520 eademque
1035 1442 1183 1500 marmoris
1210 1453 1304 1500 crusta

202 1547 383 1627 sculpantur,
406 1559 435 1606 et
455 1547 555 1606 exinde
574 1546 683 1626 plateae
698 1558 878 1622 sternantur,
900 1547 940 1606 ita
958 1560 991 1606 ut
1005 1548 1081 1626 quod
1094 1548 1124 1605 in
1139 1546 1219 1606 vultu
1233 1547 1303 1606 colis

201 1655 318 1735 pedibus
334 1653 492 1714 conculces.
514 1654 592 1712 Exce
608 1652 677 1732 [sic]
694 1653 790 1731 quales
812 1665 879 1712 suut
897 1654 937 1712 dii
950 1654 1050 1728 vestri,
1067 1676 1137 1733 quos
1159 1655 1253 1714 colitis
1275 1667 1317 1715 ct·

201 1761 375 1822 veneramini
394 1772 424 1820 et
444 1782 497 1820 uos
518 1761 665 1820 vobiscum
684 1761 858 1841 persuadetis
880 1754 1006 1821 adorare.
1043 1763 1127 1821 Tunc
1141 1762 1303 1844 indignatus

201 1890 250 1929 rex
271 1868 355 1928 iussit
376 1868 403 1927 ei
424 1866 523 1948 capitis
539 1866 634 1927 subire
649 1868 827 1926 sententiam.
857 1868 1023 1929 Decollatus
1045 1880 1090 1928 est
1111 1881 1204 1929 autem
1227 1882 1304 1928 extra

165 1995 298 2041 ttmuros
327 1974 404 2034 urbis
431 1975 476 2033 via
503 1973 595 2054 Appia
623 1974 653 2032 iu
675 1973 739 2034 loco
760 1975 809 2053 qui
836 1959 993 2055 appellatur
1021 1975 1109 2036 clivus
1138 1988 1303 2058 martyrum.-

200 2083 369 2163 Rapuerunt
388 2094 481 2141 autem
508 2080 654 2140 christiani
673 2102 775 2162 corpus
799 2082 858 2141 eius
879 2093 909 2140 et
928 2094 1086 2161 posueruut
1114 2083 1142 2141 in
1165 2084 1304 2143 cimiterio

202 2188 304 2249 Calisti
317 2180 387 2268 [stc]
400 2188 445 2248 die
459 2199 562 2248 octavo
575 2187 716 2270 Idhugs.
739 2187 849 2248 Eodem
861 2209 980 2267 namque
994 2189 1038 2248 die
1051 2184 1315 2269 DeciusC[a]esar'

200 2296 299 2357 adduci
317 2296 348 2355 iu
368 2307 553 2375 conspectum
572 2317 654 2381 suum
673 2295 787 2355 beatum
802 2296 987 2354 Laurentium
1001 2294 1178 2376 pr[a]ecepit
1199 2310 1227 2357 et
1248 2298 1302 2357 ait:

199 2404 259 2463 Ubi
273 2415 342 2463 sunt
361 2403 487 2462 thesauri
508 2401 652 2479 ecclesiae,
673 2424 745 2481 quos
766 2425 853 2483 penes
882 2415 911 2462 te
926 2424 990 2463 esse
1014 2404 1224 2485 cognovimus?
1247 2404 1303 2465 Cui

162 2529 189 2576 20
199 2510 299 2570 beatus
314 2509 482 2568 Laurentius
505 2509 586 2567 dicit:
608 2511 701 2569 Biduo
720 2510 790 2568 mihi
804 2510 908 2568 dentur
921 2510 1060 2584 induciae,
1075 2522 1107 2569 ut
1123 2532 1155 2569 ex
1171 2512 1302 2571 omnihus

200 2616 325 2678 ecclesiis
347 2615 478 2676 universa
500 2614 632 2674 deferam.
670 2616 753 2674 Tunc
776 2615 913 2694 C[a]esar
934 2617 1018 2674 iussit
1045 2628 1078 2674 ut
1100 2616 1153 2675 sub
1175 2619 1303 2678 custodia

201 2723 352 2805 Hippolyti
365 2722 443 2781 ducis
456 2722 625 2780 Laurentius
646 2734 753 2803 ageret.
783 2722 917 2780 Traditus
933 2734 977 2781 est
991 2735 1084 2782 autem
1099 2724 1259 2807 Hippolyto
1274 2739 1303 2786 et

201 2831 276 2912 cepit
290 2852 324 2890 ex
338 2828 407 2889 locis
423 2828 553 2888 omnihus
569 2848 707 2909 pauperes
723 2828 847 2888 adunare
861 2829 910 2906 qui
926 2850 956 2888 se
970 2828 1088 2889 Christo
1100 2833 1215 2892 credere
1230 2834 1302 2893 fate·
1345 2836 1350 2850 ’

199 2938 312 2998 bantur.
336 2936 424 3011 Quod
445 2936 508 2994 cum
528 2936 639 2996 videret
653 2935 840 3016 Hippolytus,
863 2936 902 2994 ait
914 2930 957 2994 ⁸ad
979 2957 1059 2996 eum:
1083 2937 1212 2999 Ostende
1233 2941 1302 3000 mihi

162 3046 348 3108 ttthes‘auros
371 3043 513 3102 ecclesiae.
549 3043 718 3102 Laurentius
734 3055 828 3102 autem
849 3043 889 3102 ait
911 3045 952 3103 ei:
981 3045 1013 3103 Si
1028 3044 1096 3102 mihi
1117 3058 1198 3106 tuum
1219 3068 1302 3127 prae·

199 3151 281 3211 heres
303 3170 449 3209 assensum
470 3150 509 3208 ita
530 3161 562 3207 ut
584 3149 712 3209 crederes
729 3148 858 3222 Christo,
881 3150 1061 3210 ostenderem
1075 3152 1127 3210 tibi
1149 3152 1301 3232 in[a]esti-

199 3257 316 3318 mahiles
327 3256 484 3316 thesauros.
506 3255 681 3337 Hippolytus
692 3255 776 3314 dicit:
792 3256 824 3317 Si
836 3256 941 3315 dictum
953 3257 1028 3317 lacto
1040 3259 1190 3339 compleas,
1203 3261 1301 3321 faciam

199 3387 270 3446 quae
283 3364 385 3425 ortaris
398 3361 480 3442 [εἰς]
503 3363 587 3421 Tunc
601 3361 699 3440 beatus
707 3364 875 3424 Laurentius
888 3362 1106 3446 c[o]epitsuper
1120 3365 1301 3446 c[aJecorum

199 3471 296 3533 oculos
317 3492 427 3532 crucem
443 3468 553 3529 Christi
574 3470 686 3552 signare
707 3482 737 3530 et
758 3470 956 3551 aperiebantur
975 3473 1050 3556 oculi
1069 3495 1176 3533 eorum.
1214 3475 1301 3549 Quod

160 3590 188 3638 st
199 3601 263 3640 cum
284 3579 395 3638 videret
410 3576 597 3658 Hippolytus,
620 3578 716 3636 statim
738 3578 773 3637 ad
786 3579 872 3658 pedes
889 3579 948 3639 eius
970 3580 1139 3659 provolutus
1156 3581 1254 3641 orabat
1268 3562 1317 3642 ut*

199 3685 368 3746 christianus
396 3683 564 3743 efficeretur.
601 3682 732 3763 Cumque
752 3685 838 3746 fidem
866 3687 973 3746 domini
993 3688 1184 3768 percepisset,
1212 3687 1299 3749 altera

198 3792 243 3852 die
262 3790 409 3873 ingressus
433 3789 467 3848 ad
482 3787 666 3868 c[a]esarem
687 3791 742 3850 ait:
765 3792 934 3853 Laurentius
949 3815 1016 3874 prae
1038 3793 1146 3853 foribus
1169 3805 1213 3852 est
1235 3816 1299 3854 cum

197 3899 289 3959 turbis
311 3918 466 3978 pauperum
487 3908 517 3956 et
537 3897 639 3956 asserit
660 3919 691 3957 se
712 3919 772 3958 nou
794 3920 879 3979 posse
900 3899 1023 3980 pandere
1042 3901 1136 3960 omnia
1156 3901 1212 3960 nisi
1234 3923 1298 3963 cum

198 4005 328 4067 omuibus
343 4004 429 4065 luerit
442 3996 632 4064 intromissus.
655 4005 739 4064 Tunc
758 4004 896 4084 c[a]esar
910 4007 994 4066 iussit
1009 4029 1074 4067 eum
1089 4029 1152 4067 cum
1167 4009 1298 4071 omnibus
1367 4046 1369 4051 π

159 4112 325 4195 ttiugredi,
353 4110 437 4191 quem
463 4112 495 4172 iu
523 4111 656 4194 ingressu
681 4112 720 4172 ita
746 4125 945 4194 percunctatus
972 4126 1017 4176 est
1042 4115 1203 4197 inquirens:
1239 4115 1300 4176 Ubi
